%YAML 1.1
%TAG !u! tag:unity3d.com,2011:
--- !u!1 &73375763612505550
GameObject:
  m_ObjectHideFlags: 0
  m_CorrespondingSourceObject: {fileID: 0}
  m_PrefabInstance: {fileID: 0}
  m_PrefabAsset: {fileID: 0}
  serializedVersion: 6
  m_Component:
  - component: {fileID: 5618263872605305852}
  m_Layer: 0
  m_Name: root
  m_TagString: Untagged
  m_Icon: {fileID: 0}
  m_NavMeshLayer: 0
  m_StaticEditorFlags: 0
  m_IsActive: 1
--- !u!4 &5618263872605305852
Transform:
  m_ObjectHideFlags: 0
  m_CorrespondingSourceObject: {fileID: 0}
  m_PrefabInstance: {fileID: 0}
  m_PrefabAsset: {fileID: 0}
  m_GameObject: {fileID: 73375763612505550}
  m_LocalRotation: {x: 0.7130032, y: -0.6919621, z: -0.07883904, w: -0.08123593}
  m_LocalPosition: {x: -0.011610445, y: 0.0016019443, z: 0.00033663353}
  m_LocalScale: {x: 1, y: 0.99999994, z: 1}
  m_Children:
  - {fileID: 5874954146510680684}
  m_Father: {fileID: 2718398488300594011}
  m_RootOrder: 0
  m_LocalEulerAnglesHint: {x: 0, y: 0, z: 0}
--- !u!1 &277912902097430385
GameObject:
  m_ObjectHideFlags: 0
  m_CorrespondingSourceObject: {fileID: 0}
  m_PrefabInstance: {fileID: 0}
  m_PrefabAsset: {fileID: 0}
  serializedVersion: 6
  m_Component:
  - component: {fileID: 4028630891329500943}
  - component: {fileID: 6518375816049111946}
  m_Layer: 0
  m_Name: _1
  m_TagString: Untagged
  m_Icon: {fileID: 0}
  m_NavMeshLayer: 0
  m_StaticEditorFlags: 0
  m_IsActive: 1
--- !u!4 &4028630891329500943
Transform:
  m_ObjectHideFlags: 0
  m_CorrespondingSourceObject: {fileID: 0}
  m_PrefabInstance: {fileID: 0}
  m_PrefabAsset: {fileID: 0}
  m_GameObject: {fileID: 277912902097430385}
  m_LocalRotation: {x: 0.7071066, y: -0.70710653, z: 0.0006172523, w: -0.0006172513}
  m_LocalPosition: {x: -0.00023890521, y: -0.000000012005038, z: -6.1970123e-10}
  m_LocalScale: {x: 0.009999999, y: 0.009999999, z: 0.009999999}
  m_Children: []
  m_Father: {fileID: 7817777797987599086}
  m_RootOrder: 3
  m_LocalEulerAnglesHint: {x: 0, y: 0, z: 0}
--- !u!137 &6518375816049111946
SkinnedMeshRenderer:
  m_ObjectHideFlags: 0
  m_CorrespondingSourceObject: {fileID: 0}
  m_PrefabInstance: {fileID: 0}
  m_PrefabAsset: {fileID: 0}
  m_GameObject: {fileID: 277912902097430385}
  m_Enabled: 1
  m_CastShadows: 1
  m_ReceiveShadows: 1
  m_DynamicOccludee: 1
  m_MotionVectors: 1
  m_LightProbeUsage: 1
  m_ReflectionProbeUsage: 1
  m_RayTracingMode: 0
  m_RenderingLayerMask: 1
  m_RendererPriority: 0
  m_Materials:
  - {fileID: 2100000, guid: 5f87fe98ad423a04a8031d5f27a7afe4, type: 2}
  m_StaticBatchInfo:
    firstSubMesh: 0
    subMeshCount: 0
  m_StaticBatchRoot: {fileID: 0}
  m_ProbeAnchor: {fileID: 0}
  m_LightProbeVolumeOverride: {fileID: 0}
  m_ScaleInLightmap: 1
  m_ReceiveGI: 1
  m_PreserveUVs: 0
  m_IgnoreNormalsForChartDetection: 0
  m_ImportantGI: 0
  m_StitchLightmapSeams: 1
  m_SelectedEditorRenderState: 3
  m_MinimumChartSize: 4
  m_AutoUVMaxDistance: 0.5
  m_AutoUVMaxAngle: 89
  m_LightmapParameters: {fileID: 0}
  m_SortingLayerID: 0
  m_SortingLayer: 0
  m_SortingOrder: 0
  serializedVersion: 2
  m_Quality: 0
  m_UpdateWhenOffscreen: 0
  m_SkinnedMotionVectors: 1
  m_Mesh: {fileID: -1522373430253385440, guid: a5380f6b0144b0c45a0ce014678d1a4c, type: 3}
  m_Bones:
  - {fileID: 5618263872605305852}
  - {fileID: 5874954146510680684}
  - {fileID: 8427278123904421766}
  - {fileID: 6618952217824916603}
  - {fileID: 8737569230311217337}
  - {fileID: 2161565654918887184}
  - {fileID: 4018403512081090986}
  - {fileID: 1059838897747464450}
  - {fileID: 2503610481286072733}
  - {fileID: 5355222802549725556}
  - {fileID: 6482558915910253298}
  - {fileID: 726621019715023554}
  - {fileID: 3037388837083915295}
  - {fileID: 663309435864001647}
  - {fileID: 8238083201182383545}
  - {fileID: 8333705276489476557}
  - {fileID: 4359719953573409392}
  - {fileID: 5375904999674313558}
  - {fileID: 1567955550101652463}
  - {fileID: 3407696394511448016}
  - {fileID: 1715789981913329462}
  - {fileID: 4873030304008984518}
  - {fileID: 2192774994283079929}
  - {fileID: 7219474671422735099}
  - {fileID: 8238912793425598566}
  - {fileID: 8753335956517813712}
  - {fileID: 2437162953621378886}
  - {fileID: 5986725686673101342}
  - {fileID: 7571865430873963870}
  - {fileID: 5039432307251846309}
  - {fileID: 5982146644578916706}
  - {fileID: 8098889431268338842}
  - {fileID: 3750145421405022304}
  - {fileID: 1343091305093472562}
  - {fileID: 7341164099566887642}
  - {fileID: 3858755559544687900}
  - {fileID: 5690339716600535656}
  - {fileID: 8966764999843397723}
  - {fileID: 4435838681383493089}
  - {fileID: 3403625240092080361}
  - {fileID: 1858772490647941698}
  - {fileID: 2065597903891719413}
  - {fileID: 1232232268519533181}
  - {fileID: 1007026342184173458}
  - {fileID: 5986733140323879389}
  - {fileID: 5135101177032373658}
  - {fileID: 1849756195093913618}
  - {fileID: 6996051048550531779}
  - {fileID: 1744537327111873122}
  - {fileID: 3251948779891922764}
  - {fileID: 3521420802324727430}
  - {fileID: 7936837691312365577}
  - {fileID: 7698921750868900807}
  - {fileID: 5635652703084291199}
  - {fileID: 8521510536214989247}
  - {fileID: 2986662058266602057}
  - {fileID: 887572690499881909}
  - {fileID: 8452744127947357067}
  - {fileID: 7279920141695182176}
  - {fileID: 3606980076980908300}
  - {fileID: 7723977219666903141}
  m_BlendShapeWeights: []
  m_RootBone: {fileID: 5618263872605305852}
  m_AABB:
    m_Center: {x: 0.0010909786, y: -0.003033801, z: -0.000340246}
    m_Extent: {x: 0.0029916517, y: 0.008722623, z: 0.00415413}
  m_DirtyAABB: 0
--- !u!1 &435894990894909164
GameObject:
  m_ObjectHideFlags: 0
  m_CorrespondingSourceObject: {fileID: 0}
  m_PrefabInstance: {fileID: 0}
  m_PrefabAsset: {fileID: 0}
  serializedVersion: 6
  m_Component:
  - component: {fileID: 7571865430873963870}
  m_Layer: 0
  m_Name: LeftMiddle3
  m_TagString: Untagged
  m_Icon: {fileID: 0}
  m_NavMeshLayer: 0
  m_StaticEditorFlags: 0
  m_IsActive: 1
--- !u!4 &7571865430873963870
Transform:
  m_ObjectHideFlags: 0
  m_CorrespondingSourceObject: {fileID: 0}
  m_PrefabInstance: {fileID: 0}
  m_PrefabAsset: {fileID: 0}
  m_GameObject: {fileID: 435894990894909164}
  m_LocalRotation: {x: -0.000000004024372, y: 0.18070193, z: -0.000000028732824, w: 0.9835379}
  m_LocalPosition: {x: -0.00041737614, y: -1.3271347e-10, z: 1.2805685e-11}
  m_LocalScale: {x: 0.9999997, y: 0.9999999, z: 0.9999999}
  m_Children:
  - {fileID: 2130759923422284779}
  m_Father: {fileID: 5986725686673101342}
  m_RootOrder: 0
  m_LocalEulerAnglesHint: {x: 0, y: 0, z: 0}
--- !u!1 &516870907474897941
GameObject:
  m_ObjectHideFlags: 0
  m_CorrespondingSourceObject: {fileID: 0}
  m_PrefabInstance: {fileID: 0}
  m_PrefabAsset: {fileID: 0}
  serializedVersion: 6
  m_Component:
  - component: {fileID: 4873030304008984518}
  m_Layer: 0
  m_Name: LeftThumb2
  m_TagString: Untagged
  m_Icon: {fileID: 0}
  m_NavMeshLayer: 0
  m_StaticEditorFlags: 0
  m_IsActive: 1
--- !u!4 &4873030304008984518
Transform:
  m_ObjectHideFlags: 0
  m_CorrespondingSourceObject: {fileID: 0}
  m_PrefabInstance: {fileID: 0}
  m_PrefabAsset: {fileID: 0}
  m_GameObject: {fileID: 516870907474897941}
  m_LocalRotation: {x: 0.00000007348139, y: 0.061640937, z: -0.000000038723527, w: 0.9980984}
  m_LocalPosition: {x: -0.0004964169, y: -2.7939676e-10, z: 1.11758706e-10}
  m_LocalScale: {x: 1.0000001, y: 1.0000001, z: 1}
  m_Children:
  - {fileID: 2192774994283079929}
  m_Father: {fileID: 1715789981913329462}
  m_RootOrder: 0
  m_LocalEulerAnglesHint: {x: 0, y: 0, z: 0}
--- !u!1 &544202881073595013
GameObject:
  m_ObjectHideFlags: 0
  m_CorrespondingSourceObject: {fileID: 0}
  m_PrefabInstance: {fileID: 0}
  m_PrefabAsset: {fileID: 0}
  serializedVersion: 6
  m_Component:
  - component: {fileID: 2161565654918887184}
  m_Layer: 0
  m_Name: Head
  m_TagString: Untagged
  m_Icon: {fileID: 0}
  m_NavMeshLayer: 0
  m_StaticEditorFlags: 0
  m_IsActive: 1
--- !u!4 &2161565654918887184
Transform:
  m_ObjectHideFlags: 0
  m_CorrespondingSourceObject: {fileID: 0}
  m_PrefabInstance: {fileID: 0}
  m_PrefabAsset: {fileID: 0}
  m_GameObject: {fileID: 544202881073595013}
  m_LocalRotation: {x: -0.21133262, y: -0.044762798, z: -0.053237744, w: 0.9749362}
  m_LocalPosition: {x: -0.0007401053, y: 6.519258e-11, z: 1.8626451e-11}
  m_LocalScale: {x: 0.99999994, y: 0.9999999, z: 0.99999994}
  m_Children:
  - {fileID: 4018403512081090986}
  - {fileID: 5355222802549725556}
  - {fileID: 8238083201182383545}
  - {fileID: 3037388837083915295}
  m_Father: {fileID: 8737569230311217337}
  m_RootOrder: 0
  m_LocalEulerAnglesHint: {x: 0, y: 0, z: 0}
--- !u!1 &562378781100951884
GameObject:
  m_ObjectHideFlags: 0
  m_CorrespondingSourceObject: {fileID: 0}
  m_PrefabInstance: {fileID: 0}
  m_PrefabAsset: {fileID: 0}
  serializedVersion: 6
  m_Component:
  - component: {fileID: 621754352888885091}
  m_Layer: 0
  m_Name: Bone04_end
  m_TagString: Untagged
  m_Icon: {fileID: 0}
  m_NavMeshLayer: 0
  m_StaticEditorFlags: 0
  m_IsActive: 1
--- !u!4 &621754352888885091
Transform:
  m_ObjectHideFlags: 0
  m_CorrespondingSourceObject: {fileID: 0}
  m_PrefabInstance: {fileID: 0}
  m_PrefabAsset: {fileID: 0}
  m_GameObject: {fileID: 562378781100951884}
  m_LocalRotation: {x: 0, y: -0, z: -0, w: 1}
  m_LocalPosition: {x: -0, y: 0.00080159213, z: 0}
  m_LocalScale: {x: 1, y: 1, z: 1}
  m_Children: []
  m_Father: {fileID: 663309435864001647}
  m_RootOrder: 0
  m_LocalEulerAnglesHint: {x: 0, y: 0, z: 0}
--- !u!1 &583105028098667223
GameObject:
  m_ObjectHideFlags: 0
  m_CorrespondingSourceObject: {fileID: 0}
  m_PrefabInstance: {fileID: 0}
  m_PrefabAsset: {fileID: 0}
  serializedVersion: 6
  m_Component:
  - component: {fileID: 4769314205588380267}
  m_Layer: 0
  m_Name: RightIndex3_end
  m_TagString: Untagged
  m_Icon: {fileID: 0}
  m_NavMeshLayer: 0
  m_StaticEditorFlags: 0
  m_IsActive: 1
--- !u!4 &4769314205588380267
Transform:
  m_ObjectHideFlags: 0
  m_CorrespondingSourceObject: {fileID: 0}
  m_PrefabInstance: {fileID: 0}
  m_PrefabAsset: {fileID: 0}
  m_GameObject: {fileID: 583105028098667223}
  m_LocalRotation: {x: 0, y: -0, z: -0, w: 1}
  m_LocalPosition: {x: -0, y: 0.00040095698, z: 0}
  m_LocalScale: {x: 1, y: 1, z: 1}
  m_Children: []
  m_Father: {fileID: 3403625240092080361}
  m_RootOrder: 0
  m_LocalEulerAnglesHint: {x: 0, y: 0, z: 0}
--- !u!1 &630334658091512939
GameObject:
  m_ObjectHideFlags: 0
  m_CorrespondingSourceObject: {fileID: 0}
  m_PrefabInstance: {fileID: 0}
  m_PrefabAsset: {fileID: 0}
  serializedVersion: 6
  m_Component:
  - component: {fileID: 2130759923422284779}
  m_Layer: 0
  m_Name: LeftMiddle3_end
  m_TagString: Untagged
  m_Icon: {fileID: 0}
  m_NavMeshLayer: 0
  m_StaticEditorFlags: 0
  m_IsActive: 1
--- !u!4 &2130759923422284779
Transform:
  m_ObjectHideFlags: 0
  m_CorrespondingSourceObject: {fileID: 0}
  m_PrefabInstance: {fileID: 0}
  m_PrefabAsset: {fileID: 0}
  m_GameObject: {fileID: 630334658091512939}
  m_LocalRotation: {x: 0, y: -0, z: -0, w: 1}
  m_LocalPosition: {x: -0, y: 0.0004173733, z: 0}
  m_LocalScale: {x: 1, y: 1, z: 1}
  m_Children: []
  m_Father: {fileID: 7571865430873963870}
  m_RootOrder: 0
  m_LocalEulerAnglesHint: {x: 0, y: 0, z: 0}
--- !u!1 &765107077712939706
GameObject:
  m_ObjectHideFlags: 0
  m_CorrespondingSourceObject: {fileID: 0}
  m_PrefabInstance: {fileID: 0}
  m_PrefabAsset: {fileID: 0}
  serializedVersion: 6
  m_Component:
  - component: {fileID: 5355222802549725556}
  m_Layer: 0
  m_Name: Bip01Ponytail2
  m_TagString: Untagged
  m_Icon: {fileID: 0}
  m_NavMeshLayer: 0
  m_StaticEditorFlags: 0
  m_IsActive: 1
--- !u!4 &5355222802549725556
Transform:
  m_ObjectHideFlags: 0
  m_CorrespondingSourceObject: {fileID: 0}
  m_PrefabInstance: {fileID: 0}
  m_PrefabAsset: {fileID: 0}
  m_GameObject: {fileID: 765107077712939706}
  m_LocalRotation: {x: 0.09135245, y: 0.95732176, z: -0.004562703, w: 0.2741696}
  m_LocalPosition: {x: -0.000015632266, y: -0.00057149533, z: 0.00030464612}
  m_LocalScale: {x: 0.9999997, y: 0.9999999, z: 0.99999976}
  m_Children:
  - {fileID: 6482558915910253298}
  m_Father: {fileID: 2161565654918887184}
  m_RootOrder: 1
  m_LocalEulerAnglesHint: {x: 0, y: 0, z: 0}
--- !u!1 &800370028048890428
GameObject:
  m_ObjectHideFlags: 0
  m_CorrespondingSourceObject: {fileID: 0}
  m_PrefabInstance: {fileID: 0}
  m_PrefabAsset: {fileID: 0}
  serializedVersion: 6
  m_Component:
  - component: {fileID: 3606980076980908300}
  m_Layer: 0
  m_Name: Bone12
  m_TagString: Untagged
  m_Icon: {fileID: 0}
  m_NavMeshLayer: 0
  m_StaticEditorFlags: 0
  m_IsActive: 1
--- !u!4 &3606980076980908300
Transform:
  m_ObjectHideFlags: 0
  m_CorrespondingSourceObject: {fileID: 0}
  m_PrefabInstance: {fileID: 0}
  m_PrefabAsset: {fileID: 0}
  m_GameObject: {fileID: 800370028048890428}
  m_LocalRotation: {x: 0.054411955, y: 0.83246046, z: 0.5507511, w: -0.026873605}
  m_LocalPosition: {x: 0.00035559645, y: -0.0017766715, z: 0.0000019449367}
  m_LocalScale: {x: 1.0000001, y: 0.99999976, z: 0.99999994}
  m_Children:
  - {fileID: 4473249282538106315}
  m_Father: {fileID: 5874954146510680684}
  m_RootOrder: 2
  m_LocalEulerAnglesHint: {x: 0, y: 0, z: 0}
--- !u!1 &847059205509093875
GameObject:
  m_ObjectHideFlags: 0
  m_CorrespondingSourceObject: {fileID: 0}
  m_PrefabInstance: {fileID: 0}
  m_PrefabAsset: {fileID: 0}
  serializedVersion: 6
  m_Component:
  - component: {fileID: 7267419367912624006}
  m_Layer: 0
  m_Name: Bone11_end
  m_TagString: Untagged
  m_Icon: {fileID: 0}
  m_NavMeshLayer: 0
  m_StaticEditorFlags: 0
  m_IsActive: 1
--- !u!4 &7267419367912624006
Transform:
  m_ObjectHideFlags: 0
  m_CorrespondingSourceObject: {fileID: 0}
  m_PrefabInstance: {fileID: 0}
  m_PrefabAsset: {fileID: 0}
  m_GameObject: {fileID: 847059205509093875}
  m_LocalRotation: {x: 0, y: -0, z: -0, w: 1}
  m_LocalPosition: {x: -0, y: 0.0042592767, z: 0}
  m_LocalScale: {x: 1, y: 1, z: 1}
  m_Children: []
  m_Father: {fileID: 1007026342184173458}
  m_RootOrder: 0
  m_LocalEulerAnglesHint: {x: 0, y: 0, z: 0}
--- !u!1 &915708363826384968
GameObject:
  m_ObjectHideFlags: 0
  m_CorrespondingSourceObject: {fileID: 0}
  m_PrefabInstance: {fileID: 0}
  m_PrefabAsset: {fileID: 0}
  serializedVersion: 6
  m_Component:
  - component: {fileID: 2437162953621378886}
  m_Layer: 0
  m_Name: LeftMiddle1
  m_TagString: Untagged
  m_Icon: {fileID: 0}
  m_NavMeshLayer: 0
  m_StaticEditorFlags: 0
  m_IsActive: 1
--- !u!4 &2437162953621378886
Transform:
  m_ObjectHideFlags: 0
  m_CorrespondingSourceObject: {fileID: 0}
  m_PrefabInstance: {fileID: 0}
  m_PrefabAsset: {fileID: 0}
  m_GameObject: {fileID: 915708363826384968}
  m_LocalRotation: {x: 0.083866514, y: 0.21680453, z: -0.013637095, w: 0.9725103}
  m_LocalPosition: {x: -0.0011847708, y: 0.00014776291, z: -0.000032981516}
  m_LocalScale: {x: 1, y: 0.9999999, z: 0.9999998}
  m_Children:
  - {fileID: 5986725686673101342}
  m_Father: {fileID: 3407696394511448016}
  m_RootOrder: 1
  m_LocalEulerAnglesHint: {x: 0, y: 0, z: 0}
--- !u!1 &981208972290539789
GameObject:
  m_ObjectHideFlags: 0
  m_CorrespondingSourceObject: {fileID: 0}
  m_PrefabInstance: {fileID: 0}
  m_PrefabAsset: {fileID: 0}
  serializedVersion: 6
  m_Component:
  - component: {fileID: 1007026342184173458}
  m_Layer: 0
  m_Name: Bone11
  m_TagString: Untagged
  m_Icon: {fileID: 0}
  m_NavMeshLayer: 0
  m_StaticEditorFlags: 0
  m_IsActive: 1
--- !u!4 &1007026342184173458
Transform:
  m_ObjectHideFlags: 0
  m_CorrespondingSourceObject: {fileID: 0}
  m_PrefabInstance: {fileID: 0}
  m_PrefabAsset: {fileID: 0}
  m_GameObject: {fileID: 981208972290539789}
  m_LocalRotation: {x: 0.5213338, y: -0.4777143, z: -0.47771433, w: 0.52133393}
  m_LocalPosition: {x: -0.00069078896, y: 0.00013942046, z: 0.00028465662}
  m_LocalScale: {x: 0.9999996, y: 1.0000001, z: 1}
  m_Children:
  - {fileID: 7267419367912624006}
  m_Father: {fileID: 1343091305093472562}
  m_RootOrder: 0
  m_LocalEulerAnglesHint: {x: 0, y: 0, z: 0}
--- !u!1 &983983384189994208
GameObject:
  m_ObjectHideFlags: 0
  m_CorrespondingSourceObject: {fileID: 0}
  m_PrefabInstance: {fileID: 0}
  m_PrefabAsset: {fileID: 0}
  serializedVersion: 6
  m_Component:
  - component: {fileID: 2331787814465972511}
  m_Layer: 0
  m_Name: Bone02_end
  m_TagString: Untagged
  m_Icon: {fileID: 0}
  m_NavMeshLayer: 0
  m_StaticEditorFlags: 0
  m_IsActive: 1
--- !u!4 &2331787814465972511
Transform:
  m_ObjectHideFlags: 0
  m_CorrespondingSourceObject: {fileID: 0}
  m_PrefabInstance: {fileID: 0}
  m_PrefabAsset: {fileID: 0}
  m_GameObject: {fileID: 983983384189994208}
  m_LocalRotation: {x: 0, y: -0, z: -0, w: 1}
  m_LocalPosition: {x: -0, y: 0.000943643, z: 0}
  m_LocalScale: {x: 1, y: 1, z: 1}
  m_Children: []
  m_Father: {fileID: 8333705276489476557}
  m_RootOrder: 0
  m_LocalEulerAnglesHint: {x: 0, y: 0, z: 0}
--- !u!1 &1237645411175485866
GameObject:
  m_ObjectHideFlags: 0
  m_CorrespondingSourceObject: {fileID: 0}
  m_PrefabInstance: {fileID: 0}
  m_PrefabAsset: {fileID: 0}
  serializedVersion: 6
  m_Component:
  - component: {fileID: 4065212875504298770}
  m_Layer: 0
  m_Name: Bone05_end
  m_TagString: Untagged
  m_Icon: {fileID: 0}
  m_NavMeshLayer: 0
  m_StaticEditorFlags: 0
  m_IsActive: 1
--- !u!4 &4065212875504298770
Transform:
  m_ObjectHideFlags: 0
  m_CorrespondingSourceObject: {fileID: 0}
  m_PrefabInstance: {fileID: 0}
  m_PrefabAsset: {fileID: 0}
  m_GameObject: {fileID: 1237645411175485866}
  m_LocalRotation: {x: 0, y: -0, z: -0, w: 1}
  m_LocalPosition: {x: -0, y: 0.0013809347, z: 0}
  m_LocalScale: {x: 1, y: 1, z: 1}
  m_Children: []
  m_Father: {fileID: 5039432307251846309}
  m_RootOrder: 0
  m_LocalEulerAnglesHint: {x: 0, y: 0, z: 0}
--- !u!1 &1314906999120309378
GameObject:
  m_ObjectHideFlags: 0
  m_CorrespondingSourceObject: {fileID: 0}
  m_PrefabInstance: {fileID: 0}
  m_PrefabAsset: {fileID: 0}
  serializedVersion: 6
  m_Component:
  - component: {fileID: 1849756195093913618}
  m_Layer: 0
  m_Name: LeftLeg
  m_TagString: Untagged
  m_Icon: {fileID: 0}
  m_NavMeshLayer: 0
  m_StaticEditorFlags: 0
  m_IsActive: 1
--- !u!4 &1849756195093913618
Transform:
  m_ObjectHideFlags: 0
  m_CorrespondingSourceObject: {fileID: 0}
  m_PrefabInstance: {fileID: 0}
  m_PrefabAsset: {fileID: 0}
  m_GameObject: {fileID: 1314906999120309378}
  m_LocalRotation: {x: -0.0000000056678497, y: -0.16733234, z: 0.000000008974097,
    w: 0.9859006}
  m_LocalPosition: {x: -0.0051011923, y: -0.000000013783573, z: -0.000000020936131}
  m_LocalScale: {x: 0.9999998, y: 1, z: 1}
  m_Children:
  - {fileID: 6996051048550531779}
  m_Father: {fileID: 5135101177032373658}
  m_RootOrder: 0
  m_LocalEulerAnglesHint: {x: 0, y: 0, z: 0}
--- !u!1 &1414341765573646848
GameObject:
  m_ObjectHideFlags: 0
  m_CorrespondingSourceObject: {fileID: 0}
  m_PrefabInstance: {fileID: 0}
  m_PrefabAsset: {fileID: 0}
  serializedVersion: 6
  m_Component:
  - component: {fileID: 8741589005300348862}
  m_Layer: 0
  m_Name: Bip01Ponytail12_end
  m_TagString: Untagged
  m_Icon: {fileID: 0}
  m_NavMeshLayer: 0
  m_StaticEditorFlags: 0
  m_IsActive: 1
--- !u!4 &8741589005300348862
Transform:
  m_ObjectHideFlags: 0
  m_CorrespondingSourceObject: {fileID: 0}
  m_PrefabInstance: {fileID: 0}
  m_PrefabAsset: {fileID: 0}
  m_GameObject: {fileID: 1414341765573646848}
  m_LocalRotation: {x: 0, y: -0, z: -0, w: 1}
  m_LocalPosition: {x: -0, y: 0.0010067344, z: 0}
  m_LocalScale: {x: 1, y: 1, z: 1}
  m_Children: []
  m_Father: {fileID: 2503610481286072733}
  m_RootOrder: 0
  m_LocalEulerAnglesHint: {x: 0, y: 0, z: 0}
--- !u!1 &1434931231166200577
GameObject:
  m_ObjectHideFlags: 0
  m_CorrespondingSourceObject: {fileID: 0}
  m_PrefabInstance: {fileID: 0}
  m_PrefabAsset: {fileID: 0}
  serializedVersion: 6
  m_Component:
  - component: {fileID: 2503610481286072733}
  m_Layer: 0
  m_Name: Bip01Ponytail12
  m_TagString: Untagged
  m_Icon: {fileID: 0}
  m_NavMeshLayer: 0
  m_StaticEditorFlags: 0
  m_IsActive: 1
--- !u!4 &2503610481286072733
Transform:
  m_ObjectHideFlags: 0
  m_CorrespondingSourceObject: {fileID: 0}
  m_PrefabInstance: {fileID: 0}
  m_PrefabAsset: {fileID: 0}
  m_GameObject: {fileID: 1434931231166200577}
  m_LocalRotation: {x: 0.04120103, y: 0.20829585, z: 0.05394024, w: 0.9757078}
  m_LocalPosition: {x: -0.0010068432, y: 0.00000005993526, z: -0.0000009297882}
  m_LocalScale: {x: 0.9999997, y: 1.0000002, z: 1}
  m_Children:
  - {fileID: 8741589005300348862}
  m_Father: {fileID: 1059838897747464450}
  m_RootOrder: 0
  m_LocalEulerAnglesHint: {x: 0, y: 0, z: 0}
--- !u!1 &1660173017663174526
GameObject:
  m_ObjectHideFlags: 0
  m_CorrespondingSourceObject: {fileID: 0}
  m_PrefabInstance: {fileID: 0}
  m_PrefabAsset: {fileID: 0}
  serializedVersion: 6
  m_Component:
  - component: {fileID: 8427278123904421766}
  m_Layer: 0
  m_Name: Spine
  m_TagString: Untagged
  m_Icon: {fileID: 0}
  m_NavMeshLayer: 0
  m_StaticEditorFlags: 0
  m_IsActive: 1
--- !u!4 &8427278123904421766
Transform:
  m_ObjectHideFlags: 0
  m_CorrespondingSourceObject: {fileID: 0}
  m_PrefabInstance: {fileID: 0}
  m_PrefabAsset: {fileID: 0}
  m_GameObject: {fileID: 1660173017663174526}
  m_LocalRotation: {x: 0.0036678151, y: -0.046099216, z: -0.016539909, w: 0.99879324}
  m_LocalPosition: {x: -0.0011667738, y: 0.000000007575993, z: 0.0001514852}
  m_LocalScale: {x: 0.99999994, y: 1, z: 1}
  m_Children:
  - {fileID: 5635652703084291199}
  - {fileID: 5135101177032373658}
  - {fileID: 3251948779891922764}
  - {fileID: 6618952217824916603}
  m_Father: {fileID: 5874954146510680684}
  m_RootOrder: 3
  m_LocalEulerAnglesHint: {x: 0, y: 0, z: 0}
--- !u!1 &1875298010392686908
GameObject:
  m_ObjectHideFlags: 0
  m_CorrespondingSourceObject: {fileID: 0}
  m_PrefabInstance: {fileID: 0}
  m_PrefabAsset: {fileID: 0}
  serializedVersion: 6
  m_Component:
  - component: {fileID: 1232232268519533181}
  m_Layer: 0
  m_Name: RightMiddle3
  m_TagString: Untagged
  m_Icon: {fileID: 0}
  m_NavMeshLayer: 0
  m_StaticEditorFlags: 0
  m_IsActive: 1
--- !u!4 &1232232268519533181
Transform:
  m_ObjectHideFlags: 0
  m_CorrespondingSourceObject: {fileID: 0}
  m_PrefabInstance: {fileID: 0}
  m_PrefabAsset: {fileID: 0}
  m_GameObject: {fileID: 1875298010392686908}
  m_LocalRotation: {x: -0.000000031737617, y: 0.6464511, z: -0.00000004394439, w: 0.7629554}
  m_LocalPosition: {x: -0.00041737675, y: 1.8626451e-11, z: -0.0000000010011717}
  m_LocalScale: {x: 0.9999998, y: 0.9999999, z: 1}
  m_Children:
  - {fileID: 2420122741277960976}
  m_Father: {fileID: 2065597903891719413}
  m_RootOrder: 0
  m_LocalEulerAnglesHint: {x: 0, y: 0, z: 0}
--- !u!1 &2004104710389332583
GameObject:
  m_ObjectHideFlags: 0
  m_CorrespondingSourceObject: {fileID: 0}
  m_PrefabInstance: {fileID: 0}
  m_PrefabAsset: {fileID: 0}
  serializedVersion: 6
  m_Component:
  - component: {fileID: 2087644661345063992}
  m_Layer: 0
  m_Name: LeftIndex3_end
  m_TagString: Untagged
  m_Icon: {fileID: 0}
  m_NavMeshLayer: 0
  m_StaticEditorFlags: 0
  m_IsActive: 1
--- !u!4 &2087644661345063992
Transform:
  m_ObjectHideFlags: 0
  m_CorrespondingSourceObject: {fileID: 0}
  m_PrefabInstance: {fileID: 0}
  m_PrefabAsset: {fileID: 0}
  m_GameObject: {fileID: 2004104710389332583}
  m_LocalRotation: {x: 0, y: -0, z: -0, w: 1}
  m_LocalPosition: {x: -0, y: 0.0004009564, z: 0}
  m_LocalScale: {x: 1, y: 1, z: 1}
  m_Children: []
  m_Father: {fileID: 8753335956517813712}
  m_RootOrder: 0
  m_LocalEulerAnglesHint: {x: 0, y: 0, z: 0}
--- !u!1 &2007722961197384234
GameObject:
  m_ObjectHideFlags: 0
  m_CorrespondingSourceObject: {fileID: 0}
  m_PrefabInstance: {fileID: 0}
  m_PrefabAsset: {fileID: 0}
  serializedVersion: 6
  m_Component:
  - component: {fileID: 7876308334822355916}
  m_Layer: 0
  m_Name: Bone10_end
  m_TagString: Untagged
  m_Icon: {fileID: 0}
  m_NavMeshLayer: 0
  m_StaticEditorFlags: 0
  m_IsActive: 1
--- !u!4 &7876308334822355916
Transform:
  m_ObjectHideFlags: 0
  m_CorrespondingSourceObject: {fileID: 0}
  m_PrefabInstance: {fileID: 0}
  m_PrefabAsset: {fileID: 0}
  m_GameObject: {fileID: 2007722961197384234}
  m_LocalRotation: {x: 0, y: -0, z: -0, w: 1}
  m_LocalPosition: {x: -0, y: 0.0016089319, z: 0}
  m_LocalScale: {x: 1, y: 1, z: 1}
  m_Children: []
  m_Father: {fileID: 7723977219666903141}
  m_RootOrder: 0
  m_LocalEulerAnglesHint: {x: 0, y: 0, z: 0}
--- !u!1 &2213554496877218188
GameObject:
  m_ObjectHideFlags: 0
  m_CorrespondingSourceObject: {fileID: 0}
  m_PrefabInstance: {fileID: 0}
  m_PrefabAsset: {fileID: 0}
  serializedVersion: 6
  m_Component:
  - component: {fileID: 6996051048550531779}
  m_Layer: 0
  m_Name: LeftFoot
  m_TagString: Untagged
  m_Icon: {fileID: 0}
  m_NavMeshLayer: 0
  m_StaticEditorFlags: 0
  m_IsActive: 1
--- !u!4 &6996051048550531779
Transform:
  m_ObjectHideFlags: 0
  m_CorrespondingSourceObject: {fileID: 0}
  m_PrefabInstance: {fileID: 0}
  m_PrefabAsset: {fileID: 0}
  m_GameObject: {fileID: 2213554496877218188}
  m_LocalRotation: {x: 0.19146043, y: 0.084229924, z: -0.016287364, w: 0.9777438}
  m_LocalPosition: {x: -0.005479057, y: -0.000000014100223, z: -0.000000025890767}
  m_LocalScale: {x: 1, y: 1, z: 0.99999994}
  m_Children:
  - {fileID: 1744537327111873122}
  m_Father: {fileID: 1849756195093913618}
  m_RootOrder: 0
  m_LocalEulerAnglesHint: {x: 0, y: 0, z: 0}
--- !u!1 &2214219751020140245
GameObject:
  m_ObjectHideFlags: 0
  m_CorrespondingSourceObject: {fileID: 0}
  m_PrefabInstance: {fileID: 0}
  m_PrefabAsset: {fileID: 0}
  serializedVersion: 6
  m_Component:
  - component: {fileID: 3037388837083915295}
  m_Layer: 0
  m_Name: Bone03
  m_TagString: Untagged
  m_Icon: {fileID: 0}
  m_NavMeshLayer: 0
  m_StaticEditorFlags: 0
  m_IsActive: 1
--- !u!4 &3037388837083915295
Transform:
  m_ObjectHideFlags: 0
  m_CorrespondingSourceObject: {fileID: 0}
  m_PrefabInstance: {fileID: 0}
  m_PrefabAsset: {fileID: 0}
  m_GameObject: {fileID: 2214219751020140245}
  m_LocalRotation: {x: 0.6611132, y: 0.08244911, z: 0.46540055, w: 0.5826953}
  m_LocalPosition: {x: -0.0005174302, y: -0.00061512116, z: 0.00011223845}
  m_LocalScale: {x: 0.99999976, y: 1, z: 0.9999999}
  m_Children:
  - {fileID: 663309435864001647}
  m_Father: {fileID: 2161565654918887184}
  m_RootOrder: 3
  m_LocalEulerAnglesHint: {x: 0, y: 0, z: 0}
--- !u!1 &2448552514508111910
GameObject:
  m_ObjectHideFlags: 0
  m_CorrespondingSourceObject: {fileID: 0}
  m_PrefabInstance: {fileID: 0}
  m_PrefabAsset: {fileID: 0}
  serializedVersion: 6
  m_Component:
  - component: {fileID: 8238912793425598566}
  m_Layer: 0
  m_Name: LeftIndex2
  m_TagString: Untagged
  m_Icon: {fileID: 0}
  m_NavMeshLayer: 0
  m_StaticEditorFlags: 0
  m_IsActive: 1
--- !u!4 &8238912793425598566
Transform:
  m_ObjectHideFlags: 0
  m_CorrespondingSourceObject: {fileID: 0}
  m_PrefabInstance: {fileID: 0}
  m_PrefabAsset: {fileID: 0}
  m_GameObject: {fileID: 2448552514508111910}
  m_LocalRotation: {x: 0.00000018010225, y: 0.2529617, z: -0.00000062077663, w: 0.9674763}
  m_LocalPosition: {x: -0.0005106252, y: 2.188608e-10, z: 2.4680047e-10}
  m_LocalScale: {x: 0.99999994, y: 1, z: 1}
  m_Children:
  - {fileID: 8753335956517813712}
  m_Father: {fileID: 7219474671422735099}
  m_RootOrder: 0
  m_LocalEulerAnglesHint: {x: 0, y: 0, z: 0}
--- !u!1 &2568547990686806076
GameObject:
  m_ObjectHideFlags: 0
  m_CorrespondingSourceObject: {fileID: 0}
  m_PrefabInstance: {fileID: 0}
  m_PrefabAsset: {fileID: 0}
  serializedVersion: 6
  m_Component:
  - component: {fileID: 1715789981913329462}
  m_Layer: 0
  m_Name: LeftThumb1
  m_TagString: Untagged
  m_Icon: {fileID: 0}
  m_NavMeshLayer: 0
  m_StaticEditorFlags: 0
  m_IsActive: 1
--- !u!4 &1715789981913329462
Transform:
  m_ObjectHideFlags: 0
  m_CorrespondingSourceObject: {fileID: 0}
  m_PrefabInstance: {fileID: 0}
  m_PrefabAsset: {fileID: 0}
  m_GameObject: {fileID: 2568547990686806076}
  m_LocalRotation: {x: -0.7352487, y: 0.07695897, z: 0.21814291, w: 0.6371031}
  m_LocalPosition: {x: -0.00022980454, y: -0.0005159577, z: 0.00016704568}
  m_LocalScale: {x: 0.9999999, y: 1, z: 0.99999994}
  m_Children:
  - {fileID: 4873030304008984518}
  m_Father: {fileID: 3407696394511448016}
  m_RootOrder: 2
  m_LocalEulerAnglesHint: {x: 0, y: 0, z: 0}
--- !u!1 &2586894828228878331
GameObject:
  m_ObjectHideFlags: 0
  m_CorrespondingSourceObject: {fileID: 0}
  m_PrefabInstance: {fileID: 0}
  m_PrefabAsset: {fileID: 0}
  serializedVersion: 6
  m_Component:
  - component: {fileID: 3403625240092080361}
  m_Layer: 0
  m_Name: RightIndex3
  m_TagString: Untagged
  m_Icon: {fileID: 0}
  m_NavMeshLayer: 0
  m_StaticEditorFlags: 0
  m_IsActive: 1
--- !u!4 &3403625240092080361
Transform:
  m_ObjectHideFlags: 0
  m_CorrespondingSourceObject: {fileID: 0}
  m_PrefabInstance: {fileID: 0}
  m_PrefabAsset: {fileID: 0}
  m_GameObject: {fileID: 2586894828228878331}
  m_LocalRotation: {x: -6.0826447e-16, y: 0.6833459, z: 1.2165263e-15, w: 0.73009473}
  m_LocalPosition: {x: -0.00040095544, y: -4.0978193e-10, z: -8.475035e-10}
  m_LocalScale: {x: 1.0000001, y: 1, z: 1.0000001}
  m_Children:
  - {fileID: 4769314205588380267}
  m_Father: {fileID: 4435838681383493089}
  m_RootOrder: 0
  m_LocalEulerAnglesHint: {x: 0, y: 0, z: 0}
--- !u!1 &2662308906138674409
GameObject:
  m_ObjectHideFlags: 0
  m_CorrespondingSourceObject: {fileID: 0}
  m_PrefabInstance: {fileID: 0}
  m_PrefabAsset: {fileID: 0}
  serializedVersion: 6
  m_Component:
  - component: {fileID: 2986662058266602057}
  m_Layer: 0
  m_Name: Bip01Tail2
  m_TagString: Untagged
  m_Icon: {fileID: 0}
  m_NavMeshLayer: 0
  m_StaticEditorFlags: 0
  m_IsActive: 1
--- !u!4 &2986662058266602057
Transform:
  m_ObjectHideFlags: 0
  m_CorrespondingSourceObject: {fileID: 0}
  m_PrefabInstance: {fileID: 0}
  m_PrefabAsset: {fileID: 0}
  m_GameObject: {fileID: 2662308906138674409}
  m_LocalRotation: {x: -0.005313462, y: -0.0018189992, z: -0.055522624, w: 0.99844164}
  m_LocalPosition: {x: -0.0025922772, y: -0.000000025499611, z: -0.0000023210932}
  m_LocalScale: {x: 0.99999994, y: 0.99999994, z: 1}
  m_Children:
  - {fileID: 1100776593745551892}
  m_Father: {fileID: 8521510536214989247}
  m_RootOrder: 0
  m_LocalEulerAnglesHint: {x: 0, y: 0, z: 0}
--- !u!1 &2872565486247521994
GameObject:
  m_ObjectHideFlags: 0
  m_CorrespondingSourceObject: {fileID: 0}
  m_PrefabInstance: {fileID: 0}
  m_PrefabAsset: {fileID: 0}
  serializedVersion: 6
  m_Component:
  - component: {fileID: 2420122741277960976}
  m_Layer: 0
  m_Name: RightMiddle3_end
  m_TagString: Untagged
  m_Icon: {fileID: 0}
  m_NavMeshLayer: 0
  m_StaticEditorFlags: 0
  m_IsActive: 1
--- !u!4 &2420122741277960976
Transform:
  m_ObjectHideFlags: 0
  m_CorrespondingSourceObject: {fileID: 0}
  m_PrefabInstance: {fileID: 0}
  m_PrefabAsset: {fileID: 0}
  m_GameObject: {fileID: 2872565486247521994}
  m_LocalRotation: {x: 0, y: -0, z: -0, w: 1}
  m_LocalPosition: {x: -0, y: 0.00041737806, z: 0}
  m_LocalScale: {x: 1, y: 1, z: 1}
  m_Children: []
  m_Father: {fileID: 1232232268519533181}
  m_RootOrder: 0
  m_LocalEulerAnglesHint: {x: 0, y: 0, z: 0}
--- !u!1 &3355572621292115074
GameObject:
  m_ObjectHideFlags: 0
  m_CorrespondingSourceObject: {fileID: 0}
  m_PrefabInstance: {fileID: 0}
  m_PrefabAsset: {fileID: 0}
  serializedVersion: 6
  m_Component:
  - component: {fileID: 1744537327111873122}
  m_Layer: 0
  m_Name: LeftToeBase
  m_TagString: Untagged
  m_Icon: {fileID: 0}
  m_NavMeshLayer: 0
  m_StaticEditorFlags: 0
  m_IsActive: 1
--- !u!4 &1744537327111873122
Transform:
  m_ObjectHideFlags: 0
  m_CorrespondingSourceObject: {fileID: 0}
  m_PrefabInstance: {fileID: 0}
  m_PrefabAsset: {fileID: 0}
  m_GameObject: {fileID: 3355572621292115074}
  m_LocalRotation: {x: -0.020647483, y: 0.68879884, z: -0.062246658, w: 0.72198004}
  m_LocalPosition: {x: -0.0011176422, y: 0.000000003009336, z: 0.0017415718}
  m_LocalScale: {x: 0.9999998, y: 0.9999999, z: 0.99999976}
  m_Children:
  - {fileID: 376760888736875397}
  m_Father: {fileID: 6996051048550531779}
  m_RootOrder: 0
  m_LocalEulerAnglesHint: {x: 0, y: 0, z: 0}
--- !u!1 &3377498473416989861
GameObject:
  m_ObjectHideFlags: 0
  m_CorrespondingSourceObject: {fileID: 0}
  m_PrefabInstance: {fileID: 0}
  m_PrefabAsset: {fileID: 0}
  serializedVersion: 6
  m_Component:
  - component: {fileID: 1059838897747464450}
  m_Layer: 0
  m_Name: Bip01Ponytail11
  m_TagString: Untagged
  m_Icon: {fileID: 0}
  m_NavMeshLayer: 0
  m_StaticEditorFlags: 0
  m_IsActive: 1
--- !u!4 &1059838897747464450
Transform:
  m_ObjectHideFlags: 0
  m_CorrespondingSourceObject: {fileID: 0}
  m_PrefabInstance: {fileID: 0}
  m_PrefabAsset: {fileID: 0}
  m_GameObject: {fileID: 3377498473416989861}
  m_LocalRotation: {x: 0.00000008570195, y: 0.021741167, z: 0.000000009315427, w: 0.99976367}
  m_LocalPosition: {x: -0.0013703813, y: 4.5634804e-10, z: -0.00000080184077}
  m_LocalScale: {x: 1.0000002, y: 1.0000001, z: 0.9999999}
  m_Children:
  - {fileID: 2503610481286072733}
  m_Father: {fileID: 4018403512081090986}
  m_RootOrder: 0
  m_LocalEulerAnglesHint: {x: 0, y: 0, z: 0}
--- !u!1 &3408133350201796607
GameObject:
  m_ObjectHideFlags: 0
  m_CorrespondingSourceObject: {fileID: 0}
  m_PrefabInstance: {fileID: 0}
  m_PrefabAsset: {fileID: 0}
  serializedVersion: 6
  m_Component:
  - component: {fileID: 6618952217824916603}
  m_Layer: 0
  m_Name: Spine1
  m_TagString: Untagged
  m_Icon: {fileID: 0}
  m_NavMeshLayer: 0
  m_StaticEditorFlags: 0
  m_IsActive: 1
--- !u!4 &6618952217824916603
Transform:
  m_ObjectHideFlags: 0
  m_CorrespondingSourceObject: {fileID: 0}
  m_PrefabInstance: {fileID: 0}
  m_PrefabAsset: {fileID: 0}
  m_GameObject: {fileID: 3408133350201796607}
  m_LocalRotation: {x: 0.101191156, y: -0.10565517, z: 0.031305756, w: 0.98874533}
  m_LocalPosition: {x: -0.0014107157, y: 0.0000006037392, z: -0.000002895207}
  m_LocalScale: {x: 0.99999994, y: 1, z: 1}
  m_Children:
  - {fileID: 8737569230311217337}
  m_Father: {fileID: 8427278123904421766}
  m_RootOrder: 3
  m_LocalEulerAnglesHint: {x: 0, y: 0, z: 0}
--- !u!1 &3539352223317665204
GameObject:
  m_ObjectHideFlags: 0
  m_CorrespondingSourceObject: {fileID: 0}
  m_PrefabInstance: {fileID: 0}
  m_PrefabAsset: {fileID: 0}
  serializedVersion: 6
  m_Component:
  - component: {fileID: 6406687431392095785}
  m_Layer: 0
  m_Name: Bone06_end
  m_TagString: Untagged
  m_Icon: {fileID: 0}
  m_NavMeshLayer: 0
  m_StaticEditorFlags: 0
  m_IsActive: 1
--- !u!4 &6406687431392095785
Transform:
  m_ObjectHideFlags: 0
  m_CorrespondingSourceObject: {fileID: 0}
  m_PrefabInstance: {fileID: 0}
  m_PrefabAsset: {fileID: 0}
  m_GameObject: {fileID: 3539352223317665204}
  m_LocalRotation: {x: 0, y: -0, z: -0, w: 1}
  m_LocalPosition: {x: -0, y: 0.0014181293, z: 0}
  m_LocalScale: {x: 1, y: 1, z: 1}
  m_Children: []
  m_Father: {fileID: 5986733140323879389}
  m_RootOrder: 0
  m_LocalEulerAnglesHint: {x: 0, y: 0, z: 0}
--- !u!1 &3542836008417448459
GameObject:
  m_ObjectHideFlags: 0
  m_CorrespondingSourceObject: {fileID: 0}
  m_PrefabInstance: {fileID: 0}
  m_PrefabAsset: {fileID: 0}
  serializedVersion: 6
  m_Component:
  - component: {fileID: 4435838681383493089}
  m_Layer: 0
  m_Name: RightIndex2
  m_TagString: Untagged
  m_Icon: {fileID: 0}
  m_NavMeshLayer: 0
  m_StaticEditorFlags: 0
  m_IsActive: 1
--- !u!4 &4435838681383493089
Transform:
  m_ObjectHideFlags: 0
  m_CorrespondingSourceObject: {fileID: 0}
  m_PrefabInstance: {fileID: 0}
  m_PrefabAsset: {fileID: 0}
  m_GameObject: {fileID: 3542836008417448459}
  m_LocalRotation: {x: 0.00000027458455, y: 0.7087306, z: -0.00000032739007, w: 0.7054793}
  m_LocalPosition: {x: -0.00051062385, y: -2.3283063e-11, z: 8.428469e-10}
  m_LocalScale: {x: 0.99999976, y: 0.9999997, z: 0.99999964}
  m_Children:
  - {fileID: 3403625240092080361}
  m_Father: {fileID: 8966764999843397723}
  m_RootOrder: 0
  m_LocalEulerAnglesHint: {x: 0, y: 0, z: 0}
--- !u!1 &3578330966111848314
GameObject:
  m_ObjectHideFlags: 0
  m_CorrespondingSourceObject: {fileID: 0}
  m_PrefabInstance: {fileID: 0}
  m_PrefabAsset: {fileID: 0}
  serializedVersion: 6
  m_Component:
  - component: {fileID: 887572690499881909}
  m_Layer: 0
  m_Name: Bone07
  m_TagString: Untagged
  m_Icon: {fileID: 0}
  m_NavMeshLayer: 0
  m_StaticEditorFlags: 0
  m_IsActive: 1
--- !u!4 &887572690499881909
Transform:
  m_ObjectHideFlags: 0
  m_CorrespondingSourceObject: {fileID: 0}
  m_PrefabInstance: {fileID: 0}
  m_PrefabAsset: {fileID: 0}
  m_GameObject: {fileID: 3578330966111848314}
  m_LocalRotation: {x: 0.013422355, y: 0.99772257, z: 0.04927582, w: 0.044061705}
  m_LocalPosition: {x: 0.00057485024, y: 0.000015578402, z: 0.0014780666}
  m_LocalScale: {x: 0.9999999, y: 1, z: 0.99999994}
  m_Children:
  - {fileID: 8452744127947357067}
  m_Father: {fileID: 5874954146510680684}
  m_RootOrder: 0
  m_LocalEulerAnglesHint: {x: 0, y: 0, z: 0}
--- !u!1 &3630789130811582064
GameObject:
  m_ObjectHideFlags: 0
  m_CorrespondingSourceObject: {fileID: 0}
  m_PrefabInstance: {fileID: 0}
  m_PrefabAsset: {fileID: 0}
  serializedVersion: 6
  m_Component:
  - component: {fileID: 5635652703084291199}
  m_Layer: 0
  m_Name: Bip01Tail
  m_TagString: Untagged
  m_Icon: {fileID: 0}
  m_NavMeshLayer: 0
  m_StaticEditorFlags: 0
  m_IsActive: 1
--- !u!4 &5635652703084291199
Transform:
  m_ObjectHideFlags: 0
  m_CorrespondingSourceObject: {fileID: 0}
  m_PrefabInstance: {fileID: 0}
  m_PrefabAsset: {fileID: 0}
  m_GameObject: {fileID: 3630789130811582064}
  m_LocalRotation: {x: -0.039332006, y: 0.9857425, z: -0.038119853, w: -0.15909639}
  m_LocalPosition: {x: 0.0016244546, y: 0.000044712844, z: -0.0016661532}
  m_LocalScale: {x: 1.0000001, y: 0.9999999, z: 1}
  m_Children:
  - {fileID: 8521510536214989247}
  m_Father: {fileID: 8427278123904421766}
  m_RootOrder: 0
  m_LocalEulerAnglesHint: {x: 0, y: 0, z: 0}
--- !u!1 &3852428672245867548
GameObject:
  m_ObjectHideFlags: 0
  m_CorrespondingSourceObject: {fileID: 0}
  m_PrefabInstance: {fileID: 0}
  m_PrefabAsset: {fileID: 0}
  serializedVersion: 6
  m_Component:
  - component: {fileID: 6347569845465477425}
  m_Layer: 0
  m_Name: RightToeBase_end
  m_TagString: Untagged
  m_Icon: {fileID: 0}
  m_NavMeshLayer: 0
  m_StaticEditorFlags: 0
  m_IsActive: 1
--- !u!4 &6347569845465477425
Transform:
  m_ObjectHideFlags: 0
  m_CorrespondingSourceObject: {fileID: 0}
  m_PrefabInstance: {fileID: 0}
  m_PrefabAsset: {fileID: 0}
  m_GameObject: {fileID: 3852428672245867548}
  m_LocalRotation: {x: 0, y: -0, z: -0, w: 1}
  m_LocalPosition: {x: -0, y: 0.002069364, z: 0}
  m_LocalScale: {x: 1, y: 1, z: 1}
  m_Children: []
  m_Father: {fileID: 7698921750868900807}
  m_RootOrder: 0
  m_LocalEulerAnglesHint: {x: 0, y: 0, z: 0}
--- !u!1 &4086157079765555215
GameObject:
  m_ObjectHideFlags: 0
  m_CorrespondingSourceObject: {fileID: 0}
  m_PrefabInstance: {fileID: 0}
  m_PrefabAsset: {fileID: 0}
  serializedVersion: 6
  m_Component:
  - component: {fileID: 7766598506160714116}
  m_Layer: 0
  m_Name: Bip01Ponytail22_end
  m_TagString: Untagged
  m_Icon: {fileID: 0}
  m_NavMeshLayer: 0
  m_StaticEditorFlags: 0
  m_IsActive: 1
--- !u!4 &7766598506160714116
Transform:
  m_ObjectHideFlags: 0
  m_CorrespondingSourceObject: {fileID: 0}
  m_PrefabInstance: {fileID: 0}
  m_PrefabAsset: {fileID: 0}
  m_GameObject: {fileID: 4086157079765555215}
  m_LocalRotation: {x: 0, y: -0, z: -0, w: 1}
  m_LocalPosition: {x: -0, y: 0.0010067392, z: 0}
  m_LocalScale: {x: 1, y: 1, z: 1}
  m_Children: []
  m_Father: {fileID: 726621019715023554}
  m_RootOrder: 0
  m_LocalEulerAnglesHint: {x: 0, y: 0, z: 0}
--- !u!1 &4124200308052302454
GameObject:
  m_ObjectHideFlags: 0
  m_CorrespondingSourceObject: {fileID: 0}
  m_PrefabInstance: {fileID: 0}
  m_PrefabAsset: {fileID: 0}
  serializedVersion: 6
  m_Component:
  - component: {fileID: 8521510536214989247}
  m_Layer: 0
  m_Name: Bip01Tail1
  m_TagString: Untagged
  m_Icon: {fileID: 0}
  m_NavMeshLayer: 0
  m_StaticEditorFlags: 0
  m_IsActive: 1
--- !u!4 &8521510536214989247
Transform:
  m_ObjectHideFlags: 0
  m_CorrespondingSourceObject: {fileID: 0}
  m_PrefabInstance: {fileID: 0}
  m_PrefabAsset: {fileID: 0}
  m_GameObject: {fileID: 4124200308052302454}
  m_LocalRotation: {x: 0.0012687811, y: 0.039731387, z: 0.032544833, w: 0.99867946}
  m_LocalPosition: {x: -0.0024760521, y: -4.5169143e-10, z: -0.0000020545488}
  m_LocalScale: {x: 1, y: 1, z: 1.0000001}
  m_Children:
  - {fileID: 2986662058266602057}
  m_Father: {fileID: 5635652703084291199}
  m_RootOrder: 0
  m_LocalEulerAnglesHint: {x: 0, y: 0, z: 0}
--- !u!1 &4282498581116671415
GameObject:
  m_ObjectHideFlags: 0
  m_CorrespondingSourceObject: {fileID: 0}
  m_PrefabInstance: {fileID: 0}
  m_PrefabAsset: {fileID: 0}
  serializedVersion: 6
  m_Component:
  - component: {fileID: 8238083201182383545}
  m_Layer: 0
  m_Name: Bone01
  m_TagString: Untagged
  m_Icon: {fileID: 0}
  m_NavMeshLayer: 0
  m_StaticEditorFlags: 0
  m_IsActive: 1
--- !u!4 &8238083201182383545
Transform:
  m_ObjectHideFlags: 0
  m_CorrespondingSourceObject: {fileID: 0}
  m_PrefabInstance: {fileID: 0}
  m_PrefabAsset: {fileID: 0}
  m_GameObject: {fileID: 4282498581116671415}
  m_LocalRotation: {x: 0.5581379, y: -0.48340783, z: -0.05373738, w: 0.6722435}
  m_LocalPosition: {x: -0.00047204152, y: 0.0005640312, z: 0.00018294987}
  m_LocalScale: {x: 1, y: 1.0000001, z: 1.0000002}
  m_Children:
  - {fileID: 8333705276489476557}
  m_Father: {fileID: 2161565654918887184}
  m_RootOrder: 2
  m_LocalEulerAnglesHint: {x: 0, y: 0, z: 0}
--- !u!1 &4291925823130919383
GameObject:
  m_ObjectHideFlags: 0
  m_CorrespondingSourceObject: {fileID: 0}
  m_PrefabInstance: {fileID: 0}
  m_PrefabAsset: {fileID: 0}
  serializedVersion: 6
  m_Component:
  - component: {fileID: 3750145421405022304}
  m_Layer: 0
  m_Name: RightForeArm
  m_TagString: Untagged
  m_Icon: {fileID: 0}
  m_NavMeshLayer: 0
  m_StaticEditorFlags: 0
  m_IsActive: 1
--- !u!4 &3750145421405022304
Transform:
  m_ObjectHideFlags: 0
  m_CorrespondingSourceObject: {fileID: 0}
  m_PrefabInstance: {fileID: 0}
  m_PrefabAsset: {fileID: 0}
  m_GameObject: {fileID: 4291925823130919383}
  m_LocalRotation: {x: 0.000000005627044, y: -0.11769517, z: -0.00000010222465, w: 0.9930498}
  m_LocalPosition: {x: -0.0029668536, y: 8.0093737e-10, z: 0.000000007096678}
  m_LocalScale: {x: 1, y: 1.0000001, z: 1}
  m_Children:
  - {fileID: 1343091305093472562}
  m_Father: {fileID: 8098889431268338842}
  m_RootOrder: 0
  m_LocalEulerAnglesHint: {x: 0, y: 0, z: 0}
--- !u!1 &4344589031585789037
GameObject:
  m_ObjectHideFlags: 0
  m_CorrespondingSourceObject: {fileID: 0}
  m_PrefabInstance: {fileID: 0}
  m_PrefabAsset: {fileID: 0}
  serializedVersion: 6
  m_Component:
  - component: {fileID: 5375904999674313558}
  m_Layer: 0
  m_Name: LeftArm
  m_TagString: Untagged
  m_Icon: {fileID: 0}
  m_NavMeshLayer: 0
  m_StaticEditorFlags: 0
  m_IsActive: 1
--- !u!4 &5375904999674313558
Transform:
  m_ObjectHideFlags: 0
  m_CorrespondingSourceObject: {fileID: 0}
  m_PrefabInstance: {fileID: 0}
  m_PrefabAsset: {fileID: 0}
  m_GameObject: {fileID: 4344589031585789037}
  m_LocalRotation: {x: -0.14638813, y: 0.30698264, z: 0.477185, w: 0.810325}
  m_LocalPosition: {x: -0.0014367625, y: -7.0780515e-10, z: 0.000000002477318}
  m_LocalScale: {x: 1.0000001, y: 0.9999998, z: 1.0000001}
  m_Children:
  - {fileID: 1567955550101652463}
  m_Father: {fileID: 4359719953573409392}
  m_RootOrder: 1
  m_LocalEulerAnglesHint: {x: 0, y: 0, z: 0}
--- !u!1 &4442215305368359580
GameObject:
  m_ObjectHideFlags: 0
  m_CorrespondingSourceObject: {fileID: 0}
  m_PrefabInstance: {fileID: 0}
  m_PrefabAsset: {fileID: 0}
  serializedVersion: 6
  m_Component:
  - component: {fileID: 8098889431268338842}
  m_Layer: 0
  m_Name: RightArm
  m_TagString: Untagged
  m_Icon: {fileID: 0}
  m_NavMeshLayer: 0
  m_StaticEditorFlags: 0
  m_IsActive: 1
--- !u!4 &8098889431268338842
Transform:
  m_ObjectHideFlags: 0
  m_CorrespondingSourceObject: {fileID: 0}
  m_PrefabInstance: {fileID: 0}
  m_PrefabAsset: {fileID: 0}
  m_GameObject: {fileID: 4442215305368359580}
  m_LocalRotation: {x: -0.09271733, y: 0.22909695, z: -0.4827289, w: 0.8401731}
  m_LocalPosition: {x: -0.0014367625, y: -8.381903e-11, z: 3.632158e-10}
  m_LocalScale: {x: 1.0000001, y: 1, z: 1}
  m_Children:
  - {fileID: 3750145421405022304}
  m_Father: {fileID: 5982146644578916706}
  m_RootOrder: 1
  m_LocalEulerAnglesHint: {x: 0, y: 0, z: 0}
--- !u!1 &4672523931262602037
GameObject:
  m_ObjectHideFlags: 0
  m_CorrespondingSourceObject: {fileID: 0}
  m_PrefabInstance: {fileID: 0}
  m_PrefabAsset: {fileID: 0}
  serializedVersion: 6
  m_Component:
  - component: {fileID: 1343091305093472562}
  m_Layer: 0
  m_Name: RightHand
  m_TagString: Untagged
  m_Icon: {fileID: 0}
  m_NavMeshLayer: 0
  m_StaticEditorFlags: 0
  m_IsActive: 1
--- !u!4 &1343091305093472562
Transform:
  m_ObjectHideFlags: 0
  m_CorrespondingSourceObject: {fileID: 0}
  m_PrefabInstance: {fileID: 0}
  m_PrefabAsset: {fileID: 0}
  m_GameObject: {fileID: 4672523931262602037}
  m_LocalRotation: {x: -0.4629292, y: 0.13168934, z: 0.19488172, w: 0.85462016}
  m_LocalPosition: {x: -0.0030586082, y: 1.0826625e-10, z: -0.0000000036100392}
  m_LocalScale: {x: 0.99999976, y: 0.9999998, z: 0.9999999}
  m_Children:
  - {fileID: 1007026342184173458}
  - {fileID: 8966764999843397723}
  - {fileID: 1858772490647941698}
  - {fileID: 7341164099566887642}
  m_Father: {fileID: 3750145421405022304}
  m_RootOrder: 0
  m_LocalEulerAnglesHint: {x: 0, y: 0, z: 0}
--- !u!1 &4677578418213846698
GameObject:
  m_ObjectHideFlags: 0
  m_CorrespondingSourceObject: {fileID: 0}
  m_PrefabInstance: {fileID: 0}
  m_PrefabAsset: {fileID: 0}
  serializedVersion: 6
  m_Component:
  - component: {fileID: 3858755559544687900}
  m_Layer: 0
  m_Name: RightThumb2
  m_TagString: Untagged
  m_Icon: {fileID: 0}
  m_NavMeshLayer: 0
  m_StaticEditorFlags: 0
  m_IsActive: 1
--- !u!4 &3858755559544687900
Transform:
  m_ObjectHideFlags: 0
  m_CorrespondingSourceObject: {fileID: 0}
  m_PrefabInstance: {fileID: 0}
  m_PrefabAsset: {fileID: 0}
  m_GameObject: {fileID: 4677578418213846698}
  m_LocalRotation: {x: 0.00000016231043, y: 0.14253743, z: -0.000000025757963, w: 0.9897894}
  m_LocalPosition: {x: -0.00049641635, y: 0.0000000010617077, z: -1.862645e-10}
  m_LocalScale: {x: 1, y: 1, z: 0.99999994}
  m_Children:
  - {fileID: 5690339716600535656}
  m_Father: {fileID: 7341164099566887642}
  m_RootOrder: 0
  m_LocalEulerAnglesHint: {x: 0, y: 0, z: 0}
--- !u!1 &4852509043139303750
GameObject:
  m_ObjectHideFlags: 0
  m_CorrespondingSourceObject: {fileID: 0}
  m_PrefabInstance: {fileID: 0}
  m_PrefabAsset: {fileID: 0}
  serializedVersion: 6
  m_Component:
  - component: {fileID: 4473249282538106315}
  m_Layer: 0
  m_Name: Bone12_end
  m_TagString: Untagged
  m_Icon: {fileID: 0}
  m_NavMeshLayer: 0
  m_StaticEditorFlags: 0
  m_IsActive: 1
--- !u!4 &4473249282538106315
Transform:
  m_ObjectHideFlags: 0
  m_CorrespondingSourceObject: {fileID: 0}
  m_PrefabInstance: {fileID: 0}
  m_PrefabAsset: {fileID: 0}
  m_GameObject: {fileID: 4852509043139303750}
  m_LocalRotation: {x: 0, y: -0, z: -0, w: 1}
  m_LocalPosition: {x: -0, y: 0.0016089319, z: 0}
  m_LocalScale: {x: 1, y: 1, z: 1}
  m_Children: []
  m_Father: {fileID: 3606980076980908300}
  m_RootOrder: 0
  m_LocalEulerAnglesHint: {x: 0, y: 0, z: 0}
--- !u!1 &4955838452599923988
GameObject:
  m_ObjectHideFlags: 0
  m_CorrespondingSourceObject: {fileID: 0}
  m_PrefabInstance: {fileID: 0}
  m_PrefabAsset: {fileID: 0}
  serializedVersion: 6
  m_Component:
  - component: {fileID: 7936837691312365577}
  m_Layer: 0
  m_Name: RightFoot
  m_TagString: Untagged
  m_Icon: {fileID: 0}
  m_NavMeshLayer: 0
  m_StaticEditorFlags: 0
  m_IsActive: 1
--- !u!4 &7936837691312365577
Transform:
  m_ObjectHideFlags: 0
  m_CorrespondingSourceObject: {fileID: 0}
  m_PrefabInstance: {fileID: 0}
  m_PrefabAsset: {fileID: 0}
  m_GameObject: {fileID: 4955838452599923988}
  m_LocalRotation: {x: -0.31904578, y: 0.08506387, z: 0.03389252, w: 0.9433055}
  m_LocalPosition: {x: -0.0054794573, y: -0.000000020803418, z: 0.000000037383288}
  m_LocalScale: {x: 0.9999998, y: 1, z: 1}
  m_Children:
  - {fileID: 7698921750868900807}
  m_Father: {fileID: 3521420802324727430}
  m_RootOrder: 0
  m_LocalEulerAnglesHint: {x: 0, y: 0, z: 0}
--- !u!1 &5073126907556412441
GameObject:
  m_ObjectHideFlags: 0
  m_CorrespondingSourceObject: {fileID: 0}
  m_PrefabInstance: {fileID: 0}
  m_PrefabAsset: {fileID: 0}
  serializedVersion: 6
  m_Component:
  - component: {fileID: 8966764999843397723}
  m_Layer: 0
  m_Name: RightIndex1
  m_TagString: Untagged
  m_Icon: {fileID: 0}
  m_NavMeshLayer: 0
  m_StaticEditorFlags: 0
  m_IsActive: 1
--- !u!4 &8966764999843397723
Transform:
  m_ObjectHideFlags: 0
  m_CorrespondingSourceObject: {fileID: 0}
  m_PrefabInstance: {fileID: 0}
  m_PrefabAsset: {fileID: 0}
  m_GameObject: {fileID: 5073126907556412441}
  m_LocalRotation: {x: -0.00032219477, y: 0.5877001, z: -0.00023376103, w: 0.80907875}
  m_LocalPosition: {x: -0.0011863436, y: 0.0004512526, z: 0.000022126736}
  m_LocalScale: {x: 1, y: 1.0000001, z: 1.0000001}
  m_Children:
  - {fileID: 4435838681383493089}
  m_Father: {fileID: 1343091305093472562}
  m_RootOrder: 1
  m_LocalEulerAnglesHint: {x: 0, y: 0, z: 0}
--- !u!1 &5460840011260385493
GameObject:
  m_ObjectHideFlags: 0
  m_CorrespondingSourceObject: {fileID: 0}
  m_PrefabInstance: {fileID: 0}
  m_PrefabAsset: {fileID: 0}
  serializedVersion: 6
  m_Component:
  - component: {fileID: 3407696394511448016}
  m_Layer: 0
  m_Name: LeftHand
  m_TagString: Untagged
  m_Icon: {fileID: 0}
  m_NavMeshLayer: 0
  m_StaticEditorFlags: 0
  m_IsActive: 1
--- !u!4 &3407696394511448016
Transform:
  m_ObjectHideFlags: 0
  m_CorrespondingSourceObject: {fileID: 0}
  m_PrefabInstance: {fileID: 0}
  m_PrefabAsset: {fileID: 0}
  m_GameObject: {fileID: 5460840011260385493}
  m_LocalRotation: {x: 0.5900401, y: -0.05189121, z: -0.07769693, w: 0.8019496}
  m_LocalPosition: {x: -0.0030586065, y: -3.282912e-10, z: 0.0000000034365801}
  m_LocalScale: {x: 0.99999994, y: 0.9999999, z: 1}
  m_Children:
  - {fileID: 7219474671422735099}
  - {fileID: 2437162953621378886}
  - {fileID: 1715789981913329462}
  m_Father: {fileID: 1567955550101652463}
  m_RootOrder: 0
  m_LocalEulerAnglesHint: {x: 0, y: 0, z: 0}
--- !u!1 &5569739527420721725
GameObject:
  m_ObjectHideFlags: 0
  m_CorrespondingSourceObject: {fileID: 0}
  m_PrefabInstance: {fileID: 0}
  m_PrefabAsset: {fileID: 0}
  serializedVersion: 6
  m_Component:
  - component: {fileID: 5986725686673101342}
  m_Layer: 0
  m_Name: LeftMiddle2
  m_TagString: Untagged
  m_Icon: {fileID: 0}
  m_NavMeshLayer: 0
  m_StaticEditorFlags: 0
  m_IsActive: 1
--- !u!4 &5986725686673101342
Transform:
  m_ObjectHideFlags: 0
  m_CorrespondingSourceObject: {fileID: 0}
  m_PrefabInstance: {fileID: 0}
  m_PrefabAsset: {fileID: 0}
  m_GameObject: {fileID: 5569739527420721725}
  m_LocalRotation: {x: -0.00000023665999, y: 0.22025885, z: -0.000000096312455, w: 0.97544146}
  m_LocalPosition: {x: -0.00056386326, y: -1.5366822e-10, z: 9.19681e-11}
  m_LocalScale: {x: 1, y: 1, z: 1}
  m_Children:
  - {fileID: 7571865430873963870}
  m_Father: {fileID: 2437162953621378886}
  m_RootOrder: 0
  m_LocalEulerAnglesHint: {x: 0, y: 0, z: 0}
--- !u!1 &5642930145988268912
GameObject:
  m_ObjectHideFlags: 0
  m_CorrespondingSourceObject: {fileID: 0}
  m_PrefabInstance: {fileID: 0}
  m_PrefabAsset: {fileID: 0}
  serializedVersion: 6
  m_Component:
  - component: {fileID: 7341164099566887642}
  m_Layer: 0
  m_Name: RightThumb1
  m_TagString: Untagged
  m_Icon: {fileID: 0}
  m_NavMeshLayer: 0
  m_StaticEditorFlags: 0
  m_IsActive: 1
--- !u!4 &7341164099566887642
Transform:
  m_ObjectHideFlags: 0
  m_CorrespondingSourceObject: {fileID: 0}
  m_PrefabInstance: {fileID: 0}
  m_PrefabAsset: {fileID: 0}
  m_GameObject: {fileID: 5642930145988268912}
  m_LocalRotation: {x: 0.7345224, y: 0.08360743, z: -0.22389713, w: 0.6351038}
  m_LocalPosition: {x: -0.00022980347, y: 0.0005159579, z: 0.00016704458}
  m_LocalScale: {x: 1, y: 1.0000001, z: 1.0000001}
  m_Children:
  - {fileID: 3858755559544687900}
  m_Father: {fileID: 1343091305093472562}
  m_RootOrder: 3
  m_LocalEulerAnglesHint: {x: 0, y: 0, z: 0}
--- !u!1 &5660867027435289667
GameObject:
  m_ObjectHideFlags: 0
  m_CorrespondingSourceObject: {fileID: 0}
  m_PrefabInstance: {fileID: 0}
  m_PrefabAsset: {fileID: 0}
  serializedVersion: 6
  m_Component:
  - component: {fileID: 5982146644578916706}
  m_Layer: 0
  m_Name: RightShoulder
  m_TagString: Untagged
  m_Icon: {fileID: 0}
  m_NavMeshLayer: 0
  m_StaticEditorFlags: 0
  m_IsActive: 1
--- !u!4 &5982146644578916706
Transform:
  m_ObjectHideFlags: 0
  m_CorrespondingSourceObject: {fileID: 0}
  m_PrefabInstance: {fileID: 0}
  m_PrefabAsset: {fileID: 0}
  m_GameObject: {fileID: 5660867027435289667}
  m_LocalRotation: {x: 0.590777, y: 0.7500244, z: 0.17198268, w: 0.24262722}
  m_LocalPosition: {x: 0.0007424901, y: -0.00039190007, z: 0.00023418579}
  m_LocalScale: {x: 1, y: 0.9999998, z: 1}
  m_Children:
  - {fileID: 5986733140323879389}
  - {fileID: 8098889431268338842}
  m_Father: {fileID: 8737569230311217337}
  m_RootOrder: 2
  m_LocalEulerAnglesHint: {x: 0, y: 0, z: 0}
--- !u!1 &5670733838216991513
GameObject:
  m_ObjectHideFlags: 0
  m_CorrespondingSourceObject: {fileID: 0}
  m_PrefabInstance: {fileID: 0}
  m_PrefabAsset: {fileID: 0}
  serializedVersion: 6
  m_Component:
  - component: {fileID: 7219474671422735099}
  m_Layer: 0
  m_Name: LeftIndex1
  m_TagString: Untagged
  m_Icon: {fileID: 0}
  m_NavMeshLayer: 0
  m_StaticEditorFlags: 0
  m_IsActive: 1
--- !u!4 &7219474671422735099
Transform:
  m_ObjectHideFlags: 0
  m_CorrespondingSourceObject: {fileID: 0}
  m_PrefabInstance: {fileID: 0}
  m_PrefabAsset: {fileID: 0}
  m_GameObject: {fileID: 5670733838216991513}
  m_LocalRotation: {x: 0.00038479874, y: 0.25665668, z: 0.00010271336, w: 0.9665026}
  m_LocalPosition: {x: -0.0011863431, y: -0.00045125282, z: 0.000022127106}
  m_LocalScale: {x: 0.99999994, y: 0.9999998, z: 0.9999998}
  m_Children:
  - {fileID: 8238912793425598566}
  m_Father: {fileID: 3407696394511448016}
  m_RootOrder: 0
  m_LocalEulerAnglesHint: {x: 0, y: 0, z: 0}
--- !u!1 &5700337982916532900
GameObject:
  m_ObjectHideFlags: 0
  m_CorrespondingSourceObject: {fileID: 0}
  m_PrefabInstance: {fileID: 0}
  m_PrefabAsset: {fileID: 0}
  serializedVersion: 6
  m_Component:
  - component: {fileID: 817691661045877998}
  - component: {fileID: 8039491585955236349}
  m_Layer: 0
  m_Name: _0
  m_TagString: Untagged
  m_Icon: {fileID: 0}
  m_NavMeshLayer: 0
  m_StaticEditorFlags: 0
  m_IsActive: 1
--- !u!4 &817691661045877998
Transform:
  m_ObjectHideFlags: 0
  m_CorrespondingSourceObject: {fileID: 0}
  m_PrefabInstance: {fileID: 0}
  m_PrefabAsset: {fileID: 0}
  m_GameObject: {fileID: 5700337982916532900}
  m_LocalRotation: {x: 0.7071066, y: -0.70710653, z: 0.0006172523, w: -0.0006172513}
  m_LocalPosition: {x: -0.00023890521, y: -0.000000012005038, z: -6.1970123e-10}
  m_LocalScale: {x: 0.009999999, y: 0.009999999, z: 0.009999999}
  m_Children: []
  m_Father: {fileID: 7817777797987599086}
  m_RootOrder: 2
  m_LocalEulerAnglesHint: {x: 0, y: 0, z: 0}
--- !u!137 &8039491585955236349
SkinnedMeshRenderer:
  m_ObjectHideFlags: 0
  m_CorrespondingSourceObject: {fileID: 0}
  m_PrefabInstance: {fileID: 0}
  m_PrefabAsset: {fileID: 0}
  m_GameObject: {fileID: 5700337982916532900}
  m_Enabled: 1
  m_CastShadows: 1
  m_ReceiveShadows: 1
  m_DynamicOccludee: 1
  m_MotionVectors: 1
  m_LightProbeUsage: 1
  m_ReflectionProbeUsage: 1
  m_RayTracingMode: 0
  m_RenderingLayerMask: 1
  m_RendererPriority: 0
  m_Materials:
  - {fileID: 2100000, guid: afe38497b564cd647bcc91470821a39e, type: 2}
  m_StaticBatchInfo:
    firstSubMesh: 0
    subMeshCount: 0
  m_StaticBatchRoot: {fileID: 0}
  m_ProbeAnchor: {fileID: 0}
  m_LightProbeVolumeOverride: {fileID: 0}
  m_ScaleInLightmap: 1
  m_ReceiveGI: 1
  m_PreserveUVs: 0
  m_IgnoreNormalsForChartDetection: 0
  m_ImportantGI: 0
  m_StitchLightmapSeams: 1
  m_SelectedEditorRenderState: 3
  m_MinimumChartSize: 4
  m_AutoUVMaxDistance: 0.5
  m_AutoUVMaxAngle: 89
  m_LightmapParameters: {fileID: 0}
  m_SortingLayerID: 0
  m_SortingLayer: 0
  m_SortingOrder: 0
  serializedVersion: 2
  m_Quality: 0
  m_UpdateWhenOffscreen: 0
  m_SkinnedMotionVectors: 1
  m_Mesh: {fileID: 7929705312494171938, guid: a5380f6b0144b0c45a0ce014678d1a4c, type: 3}
  m_Bones:
  - {fileID: 5618263872605305852}
  - {fileID: 5874954146510680684}
  - {fileID: 8427278123904421766}
  - {fileID: 6618952217824916603}
  - {fileID: 8737569230311217337}
  - {fileID: 2161565654918887184}
  - {fileID: 4018403512081090986}
  - {fileID: 1059838897747464450}
  - {fileID: 2503610481286072733}
  - {fileID: 5355222802549725556}
  - {fileID: 6482558915910253298}
  - {fileID: 726621019715023554}
  - {fileID: 3037388837083915295}
  - {fileID: 663309435864001647}
  - {fileID: 8238083201182383545}
  - {fileID: 8333705276489476557}
  - {fileID: 4359719953573409392}
  - {fileID: 5375904999674313558}
  - {fileID: 1567955550101652463}
  - {fileID: 3407696394511448016}
  - {fileID: 1715789981913329462}
  - {fileID: 4873030304008984518}
  - {fileID: 2192774994283079929}
  - {fileID: 7219474671422735099}
  - {fileID: 8238912793425598566}
  - {fileID: 8753335956517813712}
  - {fileID: 2437162953621378886}
  - {fileID: 5986725686673101342}
  - {fileID: 7571865430873963870}
  - {fileID: 5039432307251846309}
  - {fileID: 5982146644578916706}
  - {fileID: 8098889431268338842}
  - {fileID: 3750145421405022304}
  - {fileID: 1343091305093472562}
  - {fileID: 7341164099566887642}
  - {fileID: 3858755559544687900}
  - {fileID: 5690339716600535656}
  - {fileID: 8966764999843397723}
  - {fileID: 4435838681383493089}
  - {fileID: 3403625240092080361}
  - {fileID: 1858772490647941698}
  - {fileID: 2065597903891719413}
  - {fileID: 1232232268519533181}
  - {fileID: 1007026342184173458}
  - {fileID: 5986733140323879389}
  - {fileID: 5135101177032373658}
  - {fileID: 1849756195093913618}
  - {fileID: 6996051048550531779}
  - {fileID: 1744537327111873122}
  - {fileID: 3251948779891922764}
  - {fileID: 3521420802324727430}
  - {fileID: 7936837691312365577}
  - {fileID: 7698921750868900807}
  - {fileID: 5635652703084291199}
  - {fileID: 8521510536214989247}
  - {fileID: 2986662058266602057}
  - {fileID: 887572690499881909}
  - {fileID: 8452744127947357067}
  - {fileID: 7279920141695182176}
  - {fileID: 3606980076980908300}
  - {fileID: 7723977219666903141}
  m_BlendShapeWeights: []
  m_RootBone: {fileID: 5618263872605305852}
  m_AABB:
    m_Center: {x: 0.00080454303, y: 0.004228917, z: 0.0001703588}
    m_Extent: {x: 0.0028098612, y: 0.00681288, z: 0.003939498}
  m_DirtyAABB: 0
--- !u!1 &5773288177758586954
GameObject:
  m_ObjectHideFlags: 0
  m_CorrespondingSourceObject: {fileID: 0}
  m_PrefabInstance: {fileID: 0}
  m_PrefabAsset: {fileID: 0}
  serializedVersion: 6
  m_Component:
  - component: {fileID: 7698921750868900807}
  m_Layer: 0
  m_Name: RightToeBase
  m_TagString: Untagged
  m_Icon: {fileID: 0}
  m_NavMeshLayer: 0
  m_StaticEditorFlags: 0
  m_IsActive: 1
--- !u!4 &7698921750868900807
Transform:
  m_ObjectHideFlags: 0
  m_CorrespondingSourceObject: {fileID: 0}
  m_PrefabInstance: {fileID: 0}
  m_PrefabAsset: {fileID: 0}
  m_GameObject: {fileID: 5773288177758586954}
  m_LocalRotation: {x: -0.00000014495431, y: 0.7071084, z: 0.000000081610885, w: 0.70710516}
  m_LocalPosition: {x: -0.0011177107, y: 0.0000000041864836, z: 0.0017415776}
  m_LocalScale: {x: 0.9999998, y: 0.99999994, z: 0.99999994}
  m_Children:
  - {fileID: 6347569845465477425}
  m_Father: {fileID: 7936837691312365577}
  m_RootOrder: 0
  m_LocalEulerAnglesHint: {x: 0, y: 0, z: 0}
--- !u!1 &5820480228336296596
GameObject:
  m_ObjectHideFlags: 0
  m_CorrespondingSourceObject: {fileID: 0}
  m_PrefabInstance: {fileID: 0}
  m_PrefabAsset: {fileID: 0}
  serializedVersion: 6
  m_Component:
  - component: {fileID: 5690339716600535656}
  m_Layer: 0
  m_Name: RightThumb3
  m_TagString: Untagged
  m_Icon: {fileID: 0}
  m_NavMeshLayer: 0
  m_StaticEditorFlags: 0
  m_IsActive: 1
--- !u!4 &5690339716600535656
Transform:
  m_ObjectHideFlags: 0
  m_CorrespondingSourceObject: {fileID: 0}
  m_PrefabInstance: {fileID: 0}
  m_PrefabAsset: {fileID: 0}
  m_GameObject: {fileID: 5820480228336296596}
  m_LocalRotation: {x: -0.00000019940053, y: 0.3916591, z: -0.00000005465802, w: 0.9201104}
  m_LocalPosition: {x: -0.00042109156, y: 3.0733643e-10, z: 1.4901161e-10}
  m_LocalScale: {x: 1.0000001, y: 1.0000001, z: 1.0000002}
  m_Children:
  - {fileID: 6989024508289510508}
  m_Father: {fileID: 3858755559544687900}
  m_RootOrder: 0
  m_LocalEulerAnglesHint: {x: 0, y: 0, z: 0}
--- !u!1 &5908400508726219501
GameObject:
  m_ObjectHideFlags: 0
  m_CorrespondingSourceObject: {fileID: 0}
  m_PrefabInstance: {fileID: 0}
  m_PrefabAsset: {fileID: 0}
  serializedVersion: 6
  m_Component:
  - component: {fileID: 5039432307251846309}
  m_Layer: 0
  m_Name: Bone05
  m_TagString: Untagged
  m_Icon: {fileID: 0}
  m_NavMeshLayer: 0
  m_StaticEditorFlags: 0
  m_IsActive: 1
--- !u!4 &5039432307251846309
Transform:
  m_ObjectHideFlags: 0
  m_CorrespondingSourceObject: {fileID: 0}
  m_PrefabInstance: {fileID: 0}
  m_PrefabAsset: {fileID: 0}
  m_GameObject: {fileID: 5908400508726219501}
  m_LocalRotation: {x: -0.7212423, y: 0.05003137, z: 0.31513542, w: 0.61481386}
  m_LocalPosition: {x: -0.0011546686, y: 0.0006440392, z: -0.00008865017}
  m_LocalScale: {x: 1.0000001, y: 1.0000001, z: 1.0000001}
  m_Children:
  - {fileID: 4065212875504298770}
  m_Father: {fileID: 4359719953573409392}
  m_RootOrder: 0
  m_LocalEulerAnglesHint: {x: 0, y: 0, z: 0}
--- !u!1 &5943695509526574154
GameObject:
  m_ObjectHideFlags: 0
  m_CorrespondingSourceObject: {fileID: 0}
  m_PrefabInstance: {fileID: 0}
  m_PrefabAsset: {fileID: 0}
  serializedVersion: 6
  m_Component:
  - component: {fileID: 3251948779891922764}
  m_Layer: 0
  m_Name: RightUpLeg
  m_TagString: Untagged
  m_Icon: {fileID: 0}
  m_NavMeshLayer: 0
  m_StaticEditorFlags: 0
  m_IsActive: 1
--- !u!4 &3251948779891922764
Transform:
  m_ObjectHideFlags: 0
  m_CorrespondingSourceObject: {fileID: 0}
  m_PrefabInstance: {fileID: 0}
  m_PrefabAsset: {fileID: 0}
  m_GameObject: {fileID: 5943695509526574154}
  m_LocalRotation: {x: 0.14206065, y: 0.14974774, z: 0.9784365, w: -0.0075110695}
  m_LocalPosition: {x: 0.0011770164, y: -0.0008546896, z: -0.00025324986}
  m_LocalScale: {x: 0.9999599, y: 0.9999999, z: 0.99999726}
  m_Children:
  - {fileID: 3521420802324727430}
  m_Father: {fileID: 8427278123904421766}
  m_RootOrder: 2
  m_LocalEulerAnglesHint: {x: 0, y: 0, z: 0}
--- !u!1 &5961539714570732265
GameObject:
  m_ObjectHideFlags: 0
  m_CorrespondingSourceObject: {fileID: 0}
  m_PrefabInstance: {fileID: 0}
  m_PrefabAsset: {fileID: 0}
  serializedVersion: 6
  m_Component:
  - component: {fileID: 2065597903891719413}
  m_Layer: 0
  m_Name: RightMiddle2
  m_TagString: Untagged
  m_Icon: {fileID: 0}
  m_NavMeshLayer: 0
  m_StaticEditorFlags: 0
  m_IsActive: 1
--- !u!4 &2065597903891719413
Transform:
  m_ObjectHideFlags: 0
  m_CorrespondingSourceObject: {fileID: 0}
  m_PrefabInstance: {fileID: 0}
  m_PrefabAsset: {fileID: 0}
  m_GameObject: {fileID: 5961539714570732265}
  m_LocalRotation: {x: -0.00000018721653, y: 0.67672366, z: 0.00000021504596, w: 0.7362371}
  m_LocalPosition: {x: -0.00056386285, y: -5.2154064e-10, z: -8.5681673e-10}
  m_LocalScale: {x: 1.0000001, y: 1, z: 0.9999998}
  m_Children:
  - {fileID: 1232232268519533181}
  m_Father: {fileID: 1858772490647941698}
  m_RootOrder: 0
  m_LocalEulerAnglesHint: {x: 0, y: 0, z: 0}
--- !u!1 &6036205145940906205
GameObject:
  m_ObjectHideFlags: 0
  m_CorrespondingSourceObject: {fileID: 0}
  m_PrefabInstance: {fileID: 0}
  m_PrefabAsset: {fileID: 0}
  serializedVersion: 6
  m_Component:
  - component: {fileID: 4359719953573409392}
  m_Layer: 0
  m_Name: LeftShoulder
  m_TagString: Untagged
  m_Icon: {fileID: 0}
  m_NavMeshLayer: 0
  m_StaticEditorFlags: 0
  m_IsActive: 1
--- !u!4 &4359719953573409392
Transform:
  m_ObjectHideFlags: 0
  m_CorrespondingSourceObject: {fileID: 0}
  m_PrefabInstance: {fileID: 0}
  m_PrefabAsset: {fileID: 0}
  m_GameObject: {fileID: 6036205145940906205}
  m_LocalRotation: {x: -0.53286624, y: 0.7582303, z: -0.36540732, w: 0.08728023}
  m_LocalPosition: {x: 0.0007017699, y: 0.00047006278, z: 0.0002150816}
  m_LocalScale: {x: 0.9999997, y: 0.99999994, z: 0.9999999}
  m_Children:
  - {fileID: 5039432307251846309}
  - {fileID: 5375904999674313558}
  m_Father: {fileID: 8737569230311217337}
  m_RootOrder: 1
  m_LocalEulerAnglesHint: {x: 0, y: 0, z: 0}
--- !u!1 &6312428642233285540
GameObject:
  m_ObjectHideFlags: 0
  m_CorrespondingSourceObject: {fileID: 0}
  m_PrefabInstance: {fileID: 0}
  m_PrefabAsset: {fileID: 0}
  serializedVersion: 6
  m_Component:
  - component: {fileID: 6989024508289510508}
  m_Layer: 0
  m_Name: RightThumb3_end
  m_TagString: Untagged
  m_Icon: {fileID: 0}
  m_NavMeshLayer: 0
  m_StaticEditorFlags: 0
  m_IsActive: 1
--- !u!4 &6989024508289510508
Transform:
  m_ObjectHideFlags: 0
  m_CorrespondingSourceObject: {fileID: 0}
  m_PrefabInstance: {fileID: 0}
  m_PrefabAsset: {fileID: 0}
  m_GameObject: {fileID: 6312428642233285540}
  m_LocalRotation: {x: 0, y: -0, z: -0, w: 1}
  m_LocalPosition: {x: -0, y: 0.0004210925, z: 0}
  m_LocalScale: {x: 1, y: 1, z: 1}
  m_Children: []
  m_Father: {fileID: 5690339716600535656}
  m_RootOrder: 0
  m_LocalEulerAnglesHint: {x: 0, y: 0, z: 0}
--- !u!1 &6332553379916191952
GameObject:
  m_ObjectHideFlags: 0
  m_CorrespondingSourceObject: {fileID: 0}
  m_PrefabInstance: {fileID: 0}
  m_PrefabAsset: {fileID: 0}
  serializedVersion: 6
  m_Component:
  - component: {fileID: 6482558915910253298}
  m_Layer: 0
  m_Name: Bip01Ponytail21
  m_TagString: Untagged
  m_Icon: {fileID: 0}
  m_NavMeshLayer: 0
  m_StaticEditorFlags: 0
  m_IsActive: 1
--- !u!4 &6482558915910253298
Transform:
  m_ObjectHideFlags: 0
  m_CorrespondingSourceObject: {fileID: 0}
  m_PrefabInstance: {fileID: 0}
  m_PrefabAsset: {fileID: 0}
  m_GameObject: {fileID: 6332553379916191952}
  m_LocalRotation: {x: 0.00000008297136, y: -0.12710829, z: 0.00000054530693, w: 0.9918889}
  m_LocalPosition: {x: -0.0013701422, y: -7.8449375e-10, z: -0.0000007757032}
  m_LocalScale: {x: 1.0000001, y: 0.99999994, z: 0.99999994}
  m_Children:
  - {fileID: 726621019715023554}
  m_Father: {fileID: 5355222802549725556}
  m_RootOrder: 0
  m_LocalEulerAnglesHint: {x: 0, y: 0, z: 0}
--- !u!1 &6476521202777143241
GameObject:
  m_ObjectHideFlags: 0
  m_CorrespondingSourceObject: {fileID: 0}
  m_PrefabInstance: {fileID: 0}
  m_PrefabAsset: {fileID: 0}
  serializedVersion: 6
  m_Component:
  - component: {fileID: 663309435864001647}
  m_Layer: 0
  m_Name: Bone04
  m_TagString: Untagged
  m_Icon: {fileID: 0}
  m_NavMeshLayer: 0
  m_StaticEditorFlags: 0
  m_IsActive: 1
--- !u!4 &663309435864001647
Transform:
  m_ObjectHideFlags: 0
  m_CorrespondingSourceObject: {fileID: 0}
  m_PrefabInstance: {fileID: 0}
  m_PrefabAsset: {fileID: 0}
  m_GameObject: {fileID: 6476521202777143241}
  m_LocalRotation: {x: 0.0000004519824, y: 0.0000018373538, z: -0.0000042580064, w: 1}
  m_LocalPosition: {x: -0.0008015936, y: -0.00000001538545, z: -0.00000000666987}
  m_LocalScale: {x: 1, y: 1.0000002, z: 1.0000001}
  m_Children:
  - {fileID: 621754352888885091}
  m_Father: {fileID: 3037388837083915295}
  m_RootOrder: 0
  m_LocalEulerAnglesHint: {x: 0, y: 0, z: 0}
--- !u!1 &6544660560540879784
GameObject:
  m_ObjectHideFlags: 0
  m_CorrespondingSourceObject: {fileID: 0}
  m_PrefabInstance: {fileID: 0}
  m_PrefabAsset: {fileID: 0}
  serializedVersion: 6
  m_Component:
  - component: {fileID: 2192774994283079929}
  m_Layer: 0
  m_Name: LeftThumb3
  m_TagString: Untagged
  m_Icon: {fileID: 0}
  m_NavMeshLayer: 0
  m_StaticEditorFlags: 0
  m_IsActive: 1
--- !u!4 &2192774994283079929
Transform:
  m_ObjectHideFlags: 0
  m_CorrespondingSourceObject: {fileID: 0}
  m_PrefabInstance: {fileID: 0}
  m_PrefabAsset: {fileID: 0}
  m_GameObject: {fileID: 6544660560540879784}
  m_LocalRotation: {x: -0.000000037445268, y: 0.15027161, z: 0.0000000011775253, w: 0.9886448}
  m_LocalPosition: {x: -0.00042108877, y: -1.7695129e-10, z: -3.7252902e-11}
  m_LocalScale: {x: 1.0000002, y: 1.0000001, z: 1.0000002}
  m_Children:
  - {fileID: 2290437150696123870}
  m_Father: {fileID: 4873030304008984518}
  m_RootOrder: 0
  m_LocalEulerAnglesHint: {x: 0, y: 0, z: 0}
--- !u!1 &6654040737883014864
GameObject:
  m_ObjectHideFlags: 0
  m_CorrespondingSourceObject: {fileID: 0}
  m_PrefabInstance: {fileID: 0}
  m_PrefabAsset: {fileID: 0}
  serializedVersion: 6
  m_Component:
  - component: {fileID: 1100776593745551892}
  m_Layer: 0
  m_Name: Bip01Tail2_end
  m_TagString: Untagged
  m_Icon: {fileID: 0}
  m_NavMeshLayer: 0
  m_StaticEditorFlags: 0
  m_IsActive: 1
--- !u!4 &1100776593745551892
Transform:
  m_ObjectHideFlags: 0
  m_CorrespondingSourceObject: {fileID: 0}
  m_PrefabInstance: {fileID: 0}
  m_PrefabAsset: {fileID: 0}
  m_GameObject: {fileID: 6654040737883014864}
  m_LocalRotation: {x: 0, y: -0, z: -0, w: 1}
  m_LocalPosition: {x: -0, y: 0.00259247, z: 0}
  m_LocalScale: {x: 1, y: 1, z: 1}
  m_Children: []
  m_Father: {fileID: 2986662058266602057}
  m_RootOrder: 0
  m_LocalEulerAnglesHint: {x: 0, y: 0, z: 0}
--- !u!1 &6683064266201824416
GameObject:
  m_ObjectHideFlags: 0
  m_CorrespondingSourceObject: {fileID: 0}
  m_PrefabInstance: {fileID: 0}
  m_PrefabAsset: {fileID: 0}
  serializedVersion: 6
  m_Component:
  - component: {fileID: 2718398488300594011}
  m_Layer: 0
  m_Name: 000
  m_TagString: Untagged
  m_Icon: {fileID: 0}
  m_NavMeshLayer: 0
  m_StaticEditorFlags: 0
  m_IsActive: 1
--- !u!4 &2718398488300594011
Transform:
  m_ObjectHideFlags: 0
  m_CorrespondingSourceObject: {fileID: 0}
  m_PrefabInstance: {fileID: 0}
  m_PrefabAsset: {fileID: 0}
  m_GameObject: {fileID: 6683064266201824416}
  m_LocalRotation: {x: 0.5004363, y: -0.50043625, z: -0.4995633, w: 0.4995634}
  m_LocalPosition: {x: -0.00023890493, y: 0, z: 4.897505e-11}
  m_LocalScale: {x: 82, y: 81.99999, z: 81.99999}
  m_Children:
  - {fileID: 5618263872605305852}
  m_Father: {fileID: 7817777797987599086}
  m_RootOrder: 0
  m_LocalEulerAnglesHint: {x: 0, y: 0, z: 0}
--- !u!1 &6701353613600683401
GameObject:
  m_ObjectHideFlags: 0
  m_CorrespondingSourceObject: {fileID: 0}
  m_PrefabInstance: {fileID: 0}
  m_PrefabAsset: {fileID: 0}
  serializedVersion: 6
  m_Component:
  - component: {fileID: 4018403512081090986}
  m_Layer: 0
  m_Name: Bip01Ponytail1
  m_TagString: Untagged
  m_Icon: {fileID: 0}
  m_NavMeshLayer: 0
  m_StaticEditorFlags: 0
  m_IsActive: 1
--- !u!4 &4018403512081090986
Transform:
  m_ObjectHideFlags: 0
  m_CorrespondingSourceObject: {fileID: 0}
  m_PrefabInstance: {fileID: 0}
  m_PrefabAsset: {fileID: 0}
  m_GameObject: {fileID: 6701353613600683401}
  m_LocalRotation: {x: -0.07117486, y: 0.8297143, z: 0.3533532, w: 0.4262041}
  m_LocalPosition: {x: 0.000065107764, y: 0.00055131206, z: 0.00036874897}
  m_LocalScale: {x: 0.9999998, y: 1.0000001, z: 1.0000001}
  m_Children:
  - {fileID: 1059838897747464450}
  m_Father: {fileID: 2161565654918887184}
  m_RootOrder: 0
  m_LocalEulerAnglesHint: {x: 0, y: 0, z: 0}
--- !u!1 &7181564117482660692
GameObject:
  m_ObjectHideFlags: 0
  m_CorrespondingSourceObject: {fileID: 0}
  m_PrefabInstance: {fileID: 0}
  m_PrefabAsset: {fileID: 0}
  serializedVersion: 6
  m_Component:
  - component: {fileID: 726621019715023554}
  m_Layer: 0
  m_Name: Bip01Ponytail22
  m_TagString: Untagged
  m_Icon: {fileID: 0}
  m_NavMeshLayer: 0
  m_StaticEditorFlags: 0
  m_IsActive: 1
--- !u!4 &726621019715023554
Transform:
  m_ObjectHideFlags: 0
  m_CorrespondingSourceObject: {fileID: 0}
  m_PrefabInstance: {fileID: 0}
  m_PrefabAsset: {fileID: 0}
  m_GameObject: {fileID: 7181564117482660692}
  m_LocalRotation: {x: -0.00000003556362, y: 0.15727468, z: -0.0000006772638, w: 0.9875549}
  m_LocalPosition: {x: -0.0010067424, y: -2.398883e-10, z: -0.0000009701587}
  m_LocalScale: {x: 1, y: 0.9999999, z: 0.9999998}
  m_Children:
  - {fileID: 7766598506160714116}
  m_Father: {fileID: 6482558915910253298}
  m_RootOrder: 0
  m_LocalEulerAnglesHint: {x: 0, y: 0, z: 0}
--- !u!1 &7217707721687820890
GameObject:
  m_ObjectHideFlags: 0
  m_CorrespondingSourceObject: {fileID: 0}
  m_PrefabInstance: {fileID: 0}
  m_PrefabAsset: {fileID: 0}
  serializedVersion: 6
  m_Component:
  - component: {fileID: 4225606922269042741}
  - component: {fileID: 3191821056527174429}
  m_Layer: 0
  m_Name: 02_0
  m_TagString: Untagged
  m_Icon: {fileID: 0}
  m_NavMeshLayer: 0
  m_StaticEditorFlags: 0
  m_IsActive: 1
--- !u!4 &4225606922269042741
Transform:
  m_ObjectHideFlags: 0
  m_CorrespondingSourceObject: {fileID: 0}
  m_PrefabInstance: {fileID: 0}
  m_PrefabAsset: {fileID: 0}
  m_GameObject: {fileID: 7217707721687820890}
  m_LocalRotation: {x: 0.7071066, y: -0.70710653, z: 0.0006172519, w: -0.00061725173}
  m_LocalPosition: {x: -0.0002389049, y: 0.000000028447905, z: -0.00000001216991}
  m_LocalScale: {x: 0.009999999, y: 0.009999999, z: 0.009999999}
  m_Children: []
  m_Father: {fileID: 7817777797987599086}
  m_RootOrder: 1
  m_LocalEulerAnglesHint: {x: 0, y: 0, z: 0}
--- !u!137 &3191821056527174429
SkinnedMeshRenderer:
  m_ObjectHideFlags: 0
  m_CorrespondingSourceObject: {fileID: 0}
  m_PrefabInstance: {fileID: 0}
  m_PrefabAsset: {fileID: 0}
  m_GameObject: {fileID: 7217707721687820890}
  m_Enabled: 1
  m_CastShadows: 1
  m_ReceiveShadows: 1
  m_DynamicOccludee: 1
  m_MotionVectors: 1
  m_LightProbeUsage: 1
  m_ReflectionProbeUsage: 1
  m_RayTracingMode: 0
  m_RenderingLayerMask: 1
  m_RendererPriority: 0
  m_Materials:
  - {fileID: 2100000, guid: ed0b6fcf5649197459b7e6160a7d652f, type: 2}
  m_StaticBatchInfo:
    firstSubMesh: 0
    subMeshCount: 0
  m_StaticBatchRoot: {fileID: 0}
  m_ProbeAnchor: {fileID: 0}
  m_LightProbeVolumeOverride: {fileID: 0}
  m_ScaleInLightmap: 1
  m_ReceiveGI: 1
  m_PreserveUVs: 0
  m_IgnoreNormalsForChartDetection: 0
  m_ImportantGI: 0
  m_StitchLightmapSeams: 1
  m_SelectedEditorRenderState: 3
  m_MinimumChartSize: 4
  m_AutoUVMaxDistance: 0.5
  m_AutoUVMaxAngle: 89
  m_LightmapParameters: {fileID: 0}
  m_SortingLayerID: 0
  m_SortingLayer: 0
  m_SortingOrder: 0
  serializedVersion: 2
  m_Quality: 0
  m_UpdateWhenOffscreen: 0
  m_SkinnedMotionVectors: 1
  m_Mesh: {fileID: -3519203359888866018, guid: a5380f6b0144b0c45a0ce014678d1a4c, type: 3}
  m_Bones:
  - {fileID: 5618263872605305852}
  - {fileID: 5874954146510680684}
  - {fileID: 8427278123904421766}
  - {fileID: 6618952217824916603}
  - {fileID: 8737569230311217337}
  - {fileID: 2161565654918887184}
  - {fileID: 4018403512081090986}
  - {fileID: 1059838897747464450}
  - {fileID: 2503610481286072733}
  - {fileID: 5355222802549725556}
  - {fileID: 6482558915910253298}
  - {fileID: 726621019715023554}
  - {fileID: 3037388837083915295}
  - {fileID: 663309435864001647}
  - {fileID: 8238083201182383545}
  - {fileID: 8333705276489476557}
  - {fileID: 4359719953573409392}
  - {fileID: 5375904999674313558}
  - {fileID: 1567955550101652463}
  - {fileID: 3407696394511448016}
  - {fileID: 1715789981913329462}
  - {fileID: 4873030304008984518}
  - {fileID: 2192774994283079929}
  - {fileID: 7219474671422735099}
  - {fileID: 8238912793425598566}
  - {fileID: 8753335956517813712}
  - {fileID: 2437162953621378886}
  - {fileID: 5986725686673101342}
  - {fileID: 7571865430873963870}
  - {fileID: 5039432307251846309}
  - {fileID: 5982146644578916706}
  - {fileID: 8098889431268338842}
  - {fileID: 3750145421405022304}
  - {fileID: 1343091305093472562}
  - {fileID: 7341164099566887642}
  - {fileID: 3858755559544687900}
  - {fileID: 5690339716600535656}
  - {fileID: 8966764999843397723}
  - {fileID: 4435838681383493089}
  - {fileID: 3403625240092080361}
  - {fileID: 1858772490647941698}
  - {fileID: 2065597903891719413}
  - {fileID: 1232232268519533181}
  - {fileID: 1007026342184173458}
  - {fileID: 5986733140323879389}
  - {fileID: 5135101177032373658}
  - {fileID: 1849756195093913618}
  - {fileID: 6996051048550531779}
  - {fileID: 1744537327111873122}
  - {fileID: 3251948779891922764}
  - {fileID: 3521420802324727430}
  - {fileID: 7936837691312365577}
  - {fileID: 7698921750868900807}
  - {fileID: 5635652703084291199}
  - {fileID: 8521510536214989247}
  - {fileID: 2986662058266602057}
  - {fileID: 887572690499881909}
  - {fileID: 8452744127947357067}
  - {fileID: 7279920141695182176}
  - {fileID: 3606980076980908300}
  - {fileID: 7723977219666903141}
  m_BlendShapeWeights: []
  m_RootBone: {fileID: 5618263872605305852}
  m_AABB:
    m_Center: {x: -0.002861809, y: -0.0035776012, z: -0.004128447}
    m_Extent: {x: 0.007434151, y: 0.004077712, z: 0.001852918}
  m_DirtyAABB: 0
--- !u!1 &7272947854750428835
GameObject:
  m_ObjectHideFlags: 0
  m_CorrespondingSourceObject: {fileID: 0}
  m_PrefabInstance: {fileID: 0}
  m_PrefabAsset: {fileID: 0}
  serializedVersion: 6
  m_Component:
  - component: {fileID: 2290437150696123870}
  m_Layer: 0
  m_Name: LeftThumb3_end
  m_TagString: Untagged
  m_Icon: {fileID: 0}
  m_NavMeshLayer: 0
  m_StaticEditorFlags: 0
  m_IsActive: 1
--- !u!4 &2290437150696123870
Transform:
  m_ObjectHideFlags: 0
  m_CorrespondingSourceObject: {fileID: 0}
  m_PrefabInstance: {fileID: 0}
  m_PrefabAsset: {fileID: 0}
  m_GameObject: {fileID: 7272947854750428835}
  m_LocalRotation: {x: 0, y: -0, z: -0, w: 1}
  m_LocalPosition: {x: -0, y: 0.00042109378, z: 0}
  m_LocalScale: {x: 1, y: 1, z: 1}
  m_Children: []
  m_Father: {fileID: 2192774994283079929}
  m_RootOrder: 0
  m_LocalEulerAnglesHint: {x: 0, y: 0, z: 0}
--- !u!1 &7330081428792545704
GameObject:
  m_ObjectHideFlags: 0
  m_CorrespondingSourceObject: {fileID: 0}
  m_PrefabInstance: {fileID: 0}
  m_PrefabAsset: {fileID: 0}
  serializedVersion: 6
  m_Component:
  - component: {fileID: 8737569230311217337}
  m_Layer: 0
  m_Name: Neck
  m_TagString: Untagged
  m_Icon: {fileID: 0}
  m_NavMeshLayer: 0
  m_StaticEditorFlags: 0
  m_IsActive: 1
--- !u!4 &8737569230311217337
Transform:
  m_ObjectHideFlags: 0
  m_CorrespondingSourceObject: {fileID: 0}
  m_PrefabInstance: {fileID: 0}
  m_PrefabAsset: {fileID: 0}
  m_GameObject: {fileID: 7330081428792545704}
  m_LocalRotation: {x: 0.0035904718, y: 0.29582298, z: -0.02581732, w: 0.9548871}
  m_LocalPosition: {x: -0.003618975, y: 0.0000000134319995, z: 0.000018944364}
  m_LocalScale: {x: 1.0000001, y: 1, z: 1.0000002}
  m_Children:
  - {fileID: 2161565654918887184}
  - {fileID: 4359719953573409392}
  - {fileID: 5982146644578916706}
  m_Father: {fileID: 6618952217824916603}
  m_RootOrder: 0
  m_LocalEulerAnglesHint: {x: 0, y: 0, z: 0}
--- !u!1 &7386442899177893971
GameObject:
  m_ObjectHideFlags: 0
  m_CorrespondingSourceObject: {fileID: 0}
  m_PrefabInstance: {fileID: 0}
  m_PrefabAsset: {fileID: 0}
  serializedVersion: 6
  m_Component:
  - component: {fileID: 8333705276489476557}
  m_Layer: 0
  m_Name: Bone02
  m_TagString: Untagged
  m_Icon: {fileID: 0}
  m_NavMeshLayer: 0
  m_StaticEditorFlags: 0
  m_IsActive: 1
--- !u!4 &8333705276489476557
Transform:
  m_ObjectHideFlags: 0
  m_CorrespondingSourceObject: {fileID: 0}
  m_PrefabInstance: {fileID: 0}
  m_PrefabAsset: {fileID: 0}
  m_GameObject: {fileID: 7386442899177893971}
  m_LocalRotation: {x: 0.000000006519259, y: 0.00000011734666, z: 0.000000037252907,
    w: 1}
  m_LocalPosition: {x: -0.0009436423, y: 0.00000001097098, z: -0.000000016378472}
  m_LocalScale: {x: 0.99999994, y: 0.99999976, z: 0.99999994}
  m_Children:
  - {fileID: 2331787814465972511}
  m_Father: {fileID: 8238083201182383545}
  m_RootOrder: 0
  m_LocalEulerAnglesHint: {x: 0, y: 0, z: 0}
--- !u!1 &7436995290110679124
GameObject:
  m_ObjectHideFlags: 0
  m_CorrespondingSourceObject: {fileID: 0}
  m_PrefabInstance: {fileID: 0}
  m_PrefabAsset: {fileID: 0}
  serializedVersion: 6
  m_Component:
  - component: {fileID: 7817777797987599086}
  - component: {fileID: 4223953860596684948}
  m_Layer: 0
  m_Name: ElfGuard2
  m_TagString: Untagged
  m_Icon: {fileID: 0}
  m_NavMeshLayer: 0
  m_StaticEditorFlags: 0
  m_IsActive: 1
--- !u!4 &7817777797987599086
Transform:
  m_ObjectHideFlags: 0
  m_CorrespondingSourceObject: {fileID: 0}
  m_PrefabInstance: {fileID: 0}
  m_PrefabAsset: {fileID: 0}
  m_GameObject: {fileID: 7436995290110679124}
  m_LocalRotation: {x: 0, y: 0, z: 0, w: 1}
  m_LocalPosition: {x: 0, y: 0, z: 0}
  m_LocalScale: {x: 1, y: 1, z: 1}
  m_Children:
  - {fileID: 2718398488300594011}
  - {fileID: 4225606922269042741}
  - {fileID: 817691661045877998}
  - {fileID: 4028630891329500943}
  m_Father: {fileID: 0}
  m_RootOrder: 0
  m_LocalEulerAnglesHint: {x: 0, y: 0, z: 0}
--- !u!95 &4223953860596684948
Animator:
  serializedVersion: 3
  m_ObjectHideFlags: 0
  m_CorrespondingSourceObject: {fileID: 0}
  m_PrefabInstance: {fileID: 0}
  m_PrefabAsset: {fileID: 0}
  m_GameObject: {fileID: 7436995290110679124}
  m_Enabled: 1
  m_Avatar: {fileID: 9000000, guid: a5380f6b0144b0c45a0ce014678d1a4c, type: 3}
  m_Controller: {fileID: 9100000, guid: 6e9f69be75008cf4b8dcf656e08baf08, type: 2}
  m_CullingMode: 1
  m_UpdateMode: 0
  m_ApplyRootMotion: 0
  m_LinearVelocityBlending: 0
  m_WarningMessage: 
  m_HasTransformHierarchy: 1
  m_AllowConstantClipSamplingOptimization: 1
  m_KeepAnimatorControllerStateOnDisable: 0
--- !u!1 &7473062370200208471
GameObject:
  m_ObjectHideFlags: 0
  m_CorrespondingSourceObject: {fileID: 0}
  m_PrefabInstance: {fileID: 0}
  m_PrefabAsset: {fileID: 0}
  serializedVersion: 6
  m_Component:
  - component: {fileID: 8452744127947357067}
  m_Layer: 0
  m_Name: Bone08
  m_TagString: Untagged
  m_Icon: {fileID: 0}
  m_NavMeshLayer: 0
  m_StaticEditorFlags: 0
  m_IsActive: 1
--- !u!4 &8452744127947357067
Transform:
  m_ObjectHideFlags: 0
  m_CorrespondingSourceObject: {fileID: 0}
  m_PrefabInstance: {fileID: 0}
  m_PrefabAsset: {fileID: 0}
  m_GameObject: {fileID: 7473062370200208471}
  m_LocalRotation: {x: 0.00824665, y: 0.07728239, z: -0.02577954, w: 0.9966418}
  m_LocalPosition: {x: -0.0015308853, y: -2.1420418e-10, z: 0.0000000029057263}
  m_LocalScale: {x: 1.0000001, y: 1, z: 1}
  m_Children:
  - {fileID: 7279920141695182176}
  m_Father: {fileID: 887572690499881909}
  m_RootOrder: 0
  m_LocalEulerAnglesHint: {x: 0, y: 0, z: 0}
--- !u!1 &7565809649932614243
GameObject:
  m_ObjectHideFlags: 0
  m_CorrespondingSourceObject: {fileID: 0}
  m_PrefabInstance: {fileID: 0}
  m_PrefabAsset: {fileID: 0}
  serializedVersion: 6
  m_Component:
  - component: {fileID: 3521420802324727430}
  m_Layer: 0
  m_Name: RightLeg
  m_TagString: Untagged
  m_Icon: {fileID: 0}
  m_NavMeshLayer: 0
  m_StaticEditorFlags: 0
  m_IsActive: 1
--- !u!4 &3521420802324727430
Transform:
  m_ObjectHideFlags: 0
  m_CorrespondingSourceObject: {fileID: 0}
  m_PrefabInstance: {fileID: 0}
  m_PrefabAsset: {fileID: 0}
  m_GameObject: {fileID: 7565809649932614243}
  m_LocalRotation: {x: 0.00000000582085, y: -0.005382301, z: 0.000000001629838, w: 0.9999855}
  m_LocalPosition: {x: -0.005101568, y: -0.000000018926803, z: 0.000000028861686}
  m_LocalScale: {x: 1.0000001, y: 1, z: 1.0000001}
  m_Children:
  - {fileID: 7936837691312365577}
  m_Father: {fileID: 3251948779891922764}
  m_RootOrder: 0
  m_LocalEulerAnglesHint: {x: 0, y: 0, z: 0}
--- !u!1 &7683848413582035999
GameObject:
  m_ObjectHideFlags: 0
  m_CorrespondingSourceObject: {fileID: 0}
  m_PrefabInstance: {fileID: 0}
  m_PrefabAsset: {fileID: 0}
  serializedVersion: 6
  m_Component:
  - component: {fileID: 7279920141695182176}
  m_Layer: 0
  m_Name: Bone09
  m_TagString: Untagged
  m_Icon: {fileID: 0}
  m_NavMeshLayer: 0
  m_StaticEditorFlags: 0
  m_IsActive: 1
--- !u!4 &7279920141695182176
Transform:
  m_ObjectHideFlags: 0
  m_CorrespondingSourceObject: {fileID: 0}
  m_PrefabInstance: {fileID: 0}
  m_PrefabAsset: {fileID: 0}
  m_GameObject: {fileID: 7683848413582035999}
  m_LocalRotation: {x: 0.0004315522, y: 0.043859854, z: 0.005965062, w: 0.9990198}
  m_LocalPosition: {x: -0.0021809025, y: 3.9115547e-10, z: -0.0000000038184225}
  m_LocalScale: {x: 1, y: 1.0000001, z: 1}
  m_Children:
  - {fileID: 7676670205796101740}
  m_Father: {fileID: 8452744127947357067}
  m_RootOrder: 0
  m_LocalEulerAnglesHint: {x: 0, y: 0, z: 0}
--- !u!1 &7745503165867495677
GameObject:
  m_ObjectHideFlags: 0
  m_CorrespondingSourceObject: {fileID: 0}
  m_PrefabInstance: {fileID: 0}
  m_PrefabAsset: {fileID: 0}
  serializedVersion: 6
  m_Component:
  - component: {fileID: 7723977219666903141}
  m_Layer: 0
  m_Name: Bone10
  m_TagString: Untagged
  m_Icon: {fileID: 0}
  m_NavMeshLayer: 0
  m_StaticEditorFlags: 0
  m_IsActive: 1
--- !u!4 &7723977219666903141
Transform:
  m_ObjectHideFlags: 0
  m_CorrespondingSourceObject: {fileID: 0}
  m_PrefabInstance: {fileID: 0}
  m_PrefabAsset: {fileID: 0}
  m_GameObject: {fileID: 7745503165867495677}
  m_LocalRotation: {x: -0.059972536, y: 0.7167202, z: 0.69062287, w: -0.075864896}
  m_LocalPosition: {x: -0.000024784998, y: 0.0016968647, z: -0.00017300966}
  m_LocalScale: {x: 1, y: 1.0000004, z: 1}
  m_Children:
  - {fileID: 7876308334822355916}
  m_Father: {fileID: 5874954146510680684}
  m_RootOrder: 1
  m_LocalEulerAnglesHint: {x: 0, y: 0, z: 0}
--- !u!1 &8066274864018129851
GameObject:
  m_ObjectHideFlags: 0
  m_CorrespondingSourceObject: {fileID: 0}
  m_PrefabInstance: {fileID: 0}
  m_PrefabAsset: {fileID: 0}
  serializedVersion: 6
  m_Component:
  - component: {fileID: 5135101177032373658}
  m_Layer: 0
  m_Name: LeftUpLeg
  m_TagString: Untagged
  m_Icon: {fileID: 0}
  m_NavMeshLayer: 0
  m_StaticEditorFlags: 0
  m_IsActive: 1
--- !u!4 &5135101177032373658
Transform:
  m_ObjectHideFlags: 0
  m_CorrespondingSourceObject: {fileID: 0}
  m_PrefabInstance: {fileID: 0}
  m_PrefabAsset: {fileID: 0}
  m_GameObject: {fileID: 8066274864018129851}
  m_LocalRotation: {x: 0.022632666, y: 0.00029684993, z: 0.99698734, w: -0.074188545}
  m_LocalPosition: {x: 0.0011174727, y: 0.0009283033, z: -0.0002635986}
  m_LocalScale: {x: 1.0000302, y: 1.0000002, z: 1.0000001}
  m_Children:
  - {fileID: 1849756195093913618}
  m_Father: {fileID: 8427278123904421766}
  m_RootOrder: 1
  m_LocalEulerAnglesHint: {x: 0, y: 0, z: 0}
--- !u!1 &8128516757274760904
GameObject:
  m_ObjectHideFlags: 0
  m_CorrespondingSourceObject: {fileID: 0}
  m_PrefabInstance: {fileID: 0}
  m_PrefabAsset: {fileID: 0}
  serializedVersion: 6
  m_Component:
  - component: {fileID: 1858772490647941698}
  m_Layer: 0
  m_Name: RightMiddle1
  m_TagString: Untagged
  m_Icon: {fileID: 0}
  m_NavMeshLayer: 0
  m_StaticEditorFlags: 0
  m_IsActive: 1
--- !u!4 &1858772490647941698
Transform:
  m_ObjectHideFlags: 0
  m_CorrespondingSourceObject: {fileID: 0}
  m_PrefabInstance: {fileID: 0}
  m_PrefabAsset: {fileID: 0}
  m_GameObject: {fileID: 8128516757274760904}
  m_LocalRotation: {x: -0.07952028, y: 0.67226857, z: -0.029934697, w: 0.73541516}
  m_LocalPosition: {x: -0.0011847686, y: -0.0001477635, z: -0.000032982305}
  m_LocalScale: {x: 0.99999994, y: 1, z: 1.0000001}
  m_Children:
  - {fileID: 2065597903891719413}
  m_Father: {fileID: 1343091305093472562}
  m_RootOrder: 2
  m_LocalEulerAnglesHint: {x: 0, y: 0, z: 0}
--- !u!1 &8581785508570497780
GameObject:
  m_ObjectHideFlags: 0
  m_CorrespondingSourceObject: {fileID: 0}
  m_PrefabInstance: {fileID: 0}
  m_PrefabAsset: {fileID: 0}
  serializedVersion: 6
  m_Component:
  - component: {fileID: 7676670205796101740}
  m_Layer: 0
  m_Name: Bone09_end
  m_TagString: Untagged
  m_Icon: {fileID: 0}
  m_NavMeshLayer: 0
  m_StaticEditorFlags: 0
  m_IsActive: 1
--- !u!4 &7676670205796101740
Transform:
  m_ObjectHideFlags: 0
  m_CorrespondingSourceObject: {fileID: 0}
  m_PrefabInstance: {fileID: 0}
  m_PrefabAsset: {fileID: 0}
  m_GameObject: {fileID: 8581785508570497780}
  m_LocalRotation: {x: 0, y: -0, z: -0, w: 1}
  m_LocalPosition: {x: -0, y: 0.0021809018, z: 0}
  m_LocalScale: {x: 1, y: 1, z: 1}
  m_Children: []
  m_Father: {fileID: 7279920141695182176}
  m_RootOrder: 0
  m_LocalEulerAnglesHint: {x: 0, y: 0, z: 0}
--- !u!1 &8593576911702612129
GameObject:
  m_ObjectHideFlags: 0
  m_CorrespondingSourceObject: {fileID: 0}
  m_PrefabInstance: {fileID: 0}
  m_PrefabAsset: {fileID: 0}
  serializedVersion: 6
  m_Component:
  - component: {fileID: 1567955550101652463}
  m_Layer: 0
  m_Name: LeftForeArm
  m_TagString: Untagged
  m_Icon: {fileID: 0}
  m_NavMeshLayer: 0
  m_StaticEditorFlags: 0
  m_IsActive: 1
--- !u!4 &1567955550101652463
Transform:
  m_ObjectHideFlags: 0
  m_CorrespondingSourceObject: {fileID: 0}
  m_PrefabInstance: {fileID: 0}
  m_PrefabAsset: {fileID: 0}
  m_GameObject: {fileID: 8593576911702612129}
  m_LocalRotation: {x: 0.000000031127612, y: -0.23338827, z: 0.00000006848076, w: 0.9723837}
  m_LocalPosition: {x: -0.0029668543, y: -6.7986544e-10, z: -7.0780515e-10}
  m_LocalScale: {x: 1, y: 1.0000001, z: 1.0000002}
  m_Children:
  - {fileID: 3407696394511448016}
  m_Father: {fileID: 5375904999674313558}
  m_RootOrder: 0
  m_LocalEulerAnglesHint: {x: 0, y: 0, z: 0}
--- !u!1 &8900108258837668041
GameObject:
  m_ObjectHideFlags: 0
  m_CorrespondingSourceObject: {fileID: 0}
  m_PrefabInstance: {fileID: 0}
  m_PrefabAsset: {fileID: 0}
  serializedVersion: 6
  m_Component:
  - component: {fileID: 376760888736875397}
  m_Layer: 0
  m_Name: LeftToeBase_end
  m_TagString: Untagged
  m_Icon: {fileID: 0}
  m_NavMeshLayer: 0
  m_StaticEditorFlags: 0
  m_IsActive: 1
--- !u!4 &376760888736875397
Transform:
  m_ObjectHideFlags: 0
  m_CorrespondingSourceObject: {fileID: 0}
  m_PrefabInstance: {fileID: 0}
  m_PrefabAsset: {fileID: 0}
  m_GameObject: {fileID: 8900108258837668041}
  m_LocalRotation: {x: 0, y: -0, z: -0, w: 1}
  m_LocalPosition: {x: -0, y: 0.002069364, z: 0}
  m_LocalScale: {x: 1, y: 1, z: 1}
  m_Children: []
  m_Father: {fileID: 1744537327111873122}
  m_RootOrder: 0
  m_LocalEulerAnglesHint: {x: 0, y: 0, z: 0}
--- !u!1 &8979133682231611404
GameObject:
  m_ObjectHideFlags: 0
  m_CorrespondingSourceObject: {fileID: 0}
  m_PrefabInstance: {fileID: 0}
  m_PrefabAsset: {fileID: 0}
  serializedVersion: 6
  m_Component:
  - component: {fileID: 5986733140323879389}
  m_Layer: 0
  m_Name: Bone06
  m_TagString: Untagged
  m_Icon: {fileID: 0}
  m_NavMeshLayer: 0
  m_StaticEditorFlags: 0
  m_IsActive: 1
--- !u!4 &5986733140323879389
Transform:
  m_ObjectHideFlags: 0
  m_CorrespondingSourceObject: {fileID: 0}
  m_PrefabInstance: {fileID: 0}
  m_PrefabAsset: {fileID: 0}
  m_GameObject: {fileID: 8979133682231611404}
  m_LocalRotation: {x: -0.63740313, y: 0.33387694, z: -0.17332226, w: 0.6724603}
  m_LocalPosition: {x: -0.0011955337, y: -0.0007201641, z: -0.0001033215}
  m_LocalScale: {x: 0.99999994, y: 0.99999994, z: 1.0000001}
  m_Children:
  - {fileID: 6406687431392095785}
  m_Father: {fileID: 5982146644578916706}
  m_RootOrder: 0
  m_LocalEulerAnglesHint: {x: 0, y: 0, z: 0}
--- !u!1 &9013480798431330818
GameObject:
  m_ObjectHideFlags: 0
  m_CorrespondingSourceObject: {fileID: 0}
  m_PrefabInstance: {fileID: 0}
  m_PrefabAsset: {fileID: 0}
  serializedVersion: 6
  m_Component:
  - component: {fileID: 5874954146510680684}
  m_Layer: 0
  m_Name: Hips
  m_TagString: Untagged
  m_Icon: {fileID: 0}
  m_NavMeshLayer: 0
  m_StaticEditorFlags: 0
  m_IsActive: 1
--- !u!4 &5874954146510680684
Transform:
  m_ObjectHideFlags: 0
  m_CorrespondingSourceObject: {fileID: 0}
  m_PrefabInstance: {fileID: 0}
  m_PrefabAsset: {fileID: 0}
  m_GameObject: {fileID: 9013480798431330818}
  m_LocalRotation: {x: 0.49999928, y: -0.49999997, z: -0.5, w: 0.5000007}
  m_LocalPosition: {x: 4.4703483e-10, y: 9.72359e-10, z: 1.958881e-11}
  m_LocalScale: {x: 1, y: 0.99999994, z: 0.99999994}
  m_Children:
  - {fileID: 887572690499881909}
  - {fileID: 7723977219666903141}
  - {fileID: 3606980076980908300}
  - {fileID: 8427278123904421766}
  m_Father: {fileID: 5618263872605305852}
  m_RootOrder: 0
  m_LocalEulerAnglesHint: {x: 0, y: 0, z: 0}
--- !u!1 &9077505172409223532
GameObject:
  m_ObjectHideFlags: 0
  m_CorrespondingSourceObject: {fileID: 0}
  m_PrefabInstance: {fileID: 0}
  m_PrefabAsset: {fileID: 0}
  serializedVersion: 6
  m_Component:
  - component: {fileID: 8753335956517813712}
  m_Layer: 0
  m_Name: LeftIndex3
  m_TagString: Untagged
  m_Icon: {fileID: 0}
  m_NavMeshLayer: 0
  m_StaticEditorFlags: 0
  m_IsActive: 1
--- !u!4 &8753335956517813712
Transform:
  m_ObjectHideFlags: 0
  m_CorrespondingSourceObject: {fileID: 0}
  m_PrefabInstance: {fileID: 0}
  m_PrefabAsset: {fileID: 0}
  m_GameObject: {fileID: 9077505172409223532}
  m_LocalRotation: {x: -0.0000003512807, y: 0.21859914, z: 0.00000068579976, w: 0.97581476}
  m_LocalPosition: {x: -0.00040095745, y: -2.0489097e-10, z: 3.306195e-10}
  m_LocalScale: {x: 0.9999999, y: 1.0000001, z: 1}
  m_Children:
  - {fileID: 2087644661345063992}
  m_Father: {fileID: 8238912793425598566}
  m_RootOrder: 0
  m_LocalEulerAnglesHint: {x: 0, y: 0, z: 0}
