%YAML 1.1
%TAG !u! tag:unity3d.com,2011:
--- !u!1 &829925025660965585
GameObject:
  m_ObjectHideFlags: 0
  m_CorrespondingSourceObject: {fileID: 0}
  m_PrefabInstance: {fileID: 0}
  m_PrefabAsset: {fileID: 0}
  serializedVersion: 6
  m_Component:
  - component: {fileID: 2982345247341227697}
  - component: {fileID: 2420241452207857214}
  - component: {fileID: 3426839431080975272}
  m_Layer: 8
  m_Name: BetterCrystal01 (13)
  m_TagString: Untagged
  m_Icon: {fileID: 0}
  m_NavMeshLayer: 0
  m_StaticEditorFlags: 0
  m_IsActive: 1
--- !u!4 &2982345247341227697
Transform:
  m_ObjectHideFlags: 0
  m_CorrespondingSourceObject: {fileID: 0}
  m_PrefabInstance: {fileID: 0}
  m_PrefabAsset: {fileID: 0}
  m_GameObject: {fileID: 829925025660965585}
  m_LocalRotation: {x: 0.09243205, y: 0.85014427, z: 0.4464587, w: 0.26341158}
  m_LocalPosition: {x: -6.69, y: -3.6790001, z: -3.9180012}
  m_LocalScale: {x: 1.2745686, y: 1.2745683, z: 1.2745683}
  m_Children: []
  m_Father: {fileID: 8707058013687972377}
  m_RootOrder: 14
  m_LocalEulerAnglesHint: {x: -45.269, y: -588.90796, z: 33.884003}
--- !u!33 &2420241452207857214
MeshFilter:
  m_ObjectHideFlags: 0
  m_CorrespondingSourceObject: {fileID: 0}
  m_PrefabInstance: {fileID: 0}
  m_PrefabAsset: {fileID: 0}
  m_GameObject: {fileID: 829925025660965585}
  m_Mesh: {fileID: 4300000, guid: 78ffc1ed5f72076498d0614872cf48ec, type: 3}
--- !u!23 &3426839431080975272
MeshRenderer:
  m_ObjectHideFlags: 0
  m_CorrespondingSourceObject: {fileID: 0}
  m_PrefabInstance: {fileID: 0}
  m_PrefabAsset: {fileID: 0}
  m_GameObject: {fileID: 829925025660965585}
  m_Enabled: 1
  m_CastShadows: 1
  m_ReceiveShadows: 1
  m_DynamicOccludee: 1
  m_MotionVectors: 1
  m_LightProbeUsage: 1
  m_ReflectionProbeUsage: 1
  m_RayTracingMode: 2
  m_RenderingLayerMask: 1
  m_RendererPriority: 0
  m_Materials:
  - {fileID: 2100000, guid: a50e1b06babb4e64b861e9e6bc5a33ad, type: 2}
  m_StaticBatchInfo:
    firstSubMesh: 0
    subMeshCount: 0
  m_StaticBatchRoot: {fileID: 0}
  m_ProbeAnchor: {fileID: 0}
  m_LightProbeVolumeOverride: {fileID: 0}
  m_ScaleInLightmap: 1
  m_ReceiveGI: 1
  m_PreserveUVs: 0
  m_IgnoreNormalsForChartDetection: 0
  m_ImportantGI: 0
  m_StitchLightmapSeams: 1
  m_SelectedEditorRenderState: 3
  m_MinimumChartSize: 4
  m_AutoUVMaxDistance: 0.5
  m_AutoUVMaxAngle: 89
  m_LightmapParameters: {fileID: 0}
  m_SortingLayerID: 0
  m_SortingLayer: 0
  m_SortingOrder: 0
--- !u!1 &3811352126431556504
GameObject:
  m_ObjectHideFlags: 0
  m_CorrespondingSourceObject: {fileID: 0}
  m_PrefabInstance: {fileID: 0}
  m_PrefabAsset: {fileID: 0}
  serializedVersion: 6
  m_Component:
  - component: {fileID: 2367709525381469135}
  - component: {fileID: 6231345321633479658}
  - component: {fileID: 7979836881897689326}
  m_Layer: 8
  m_Name: BetterCrystal01 (7)
  m_TagString: Untagged
  m_Icon: {fileID: 0}
  m_NavMeshLayer: 0
  m_StaticEditorFlags: 0
  m_IsActive: 1
--- !u!4 &2367709525381469135
Transform:
  m_ObjectHideFlags: 0
  m_CorrespondingSourceObject: {fileID: 0}
  m_PrefabInstance: {fileID: 0}
  m_PrefabAsset: {fileID: 0}
  m_GameObject: {fileID: 3811352126431556504}
  m_LocalRotation: {x: -0.032658234, y: -0.067195, z: 0.10945571, w: 0.99118}
  m_LocalPosition: {x: -6.593, y: -1.8499999, z: -5.054001}
  m_LocalScale: {x: 2, y: 2, z: 2}
  m_Children: []
  m_Father: {fileID: 8707058013687972377}
  m_RootOrder: 8
  m_LocalEulerAnglesHint: {x: -2.868, y: -8.079, z: 12.806001}
--- !u!33 &6231345321633479658
MeshFilter:
  m_ObjectHideFlags: 0
  m_CorrespondingSourceObject: {fileID: 0}
  m_PrefabInstance: {fileID: 0}
  m_PrefabAsset: {fileID: 0}
  m_GameObject: {fileID: 3811352126431556504}
  m_Mesh: {fileID: 4300000, guid: 78ffc1ed5f72076498d0614872cf48ec, type: 3}
--- !u!23 &7979836881897689326
MeshRenderer:
  m_ObjectHideFlags: 0
  m_CorrespondingSourceObject: {fileID: 0}
  m_PrefabInstance: {fileID: 0}
  m_PrefabAsset: {fileID: 0}
  m_GameObject: {fileID: 3811352126431556504}
  m_Enabled: 1
  m_CastShadows: 1
  m_ReceiveShadows: 1
  m_DynamicOccludee: 1
  m_MotionVectors: 1
  m_LightProbeUsage: 1
  m_ReflectionProbeUsage: 1
  m_RayTracingMode: 2
  m_RenderingLayerMask: 1
  m_RendererPriority: 0
  m_Materials:
  - {fileID: 2100000, guid: a50e1b06babb4e64b861e9e6bc5a33ad, type: 2}
  m_StaticBatchInfo:
    firstSubMesh: 0
    subMeshCount: 0
  m_StaticBatchRoot: {fileID: 0}
  m_ProbeAnchor: {fileID: 0}
  m_LightProbeVolumeOverride: {fileID: 0}
  m_ScaleInLightmap: 1
  m_ReceiveGI: 1
  m_PreserveUVs: 0
  m_IgnoreNormalsForChartDetection: 0
  m_ImportantGI: 0
  m_StitchLightmapSeams: 1
  m_SelectedEditorRenderState: 3
  m_MinimumChartSize: 4
  m_AutoUVMaxDistance: 0.5
  m_AutoUVMaxAngle: 89
  m_LightmapParameters: {fileID: 0}
  m_SortingLayerID: 0
  m_SortingLayer: 0
  m_SortingOrder: 0
--- !u!1 &5064740388082897908
GameObject:
  m_ObjectHideFlags: 0
  m_CorrespondingSourceObject: {fileID: 0}
  m_PrefabInstance: {fileID: 0}
  m_PrefabAsset: {fileID: 0}
  serializedVersion: 6
  m_Component:
  - component: {fileID: 2874279798703430385}
  - component: {fileID: 1737166622834072018}
  - component: {fileID: 5881156705428112141}
  m_Layer: 8
  m_Name: BetterCrystal01 (9)
  m_TagString: Untagged
  m_Icon: {fileID: 0}
  m_NavMeshLayer: 0
  m_StaticEditorFlags: 0
  m_IsActive: 1
--- !u!4 &2874279798703430385
Transform:
  m_ObjectHideFlags: 0
  m_CorrespondingSourceObject: {fileID: 0}
  m_PrefabInstance: {fileID: 0}
  m_PrefabAsset: {fileID: 0}
  m_GameObject: {fileID: 5064740388082897908}
  m_LocalRotation: {x: -0.42455065, y: -0.40914682, z: 0.1309166, w: 0.7970047}
  m_LocalPosition: {x: -6.599, y: -3.4, z: -5.3410006}
  m_LocalScale: {x: 1.3608518, y: 1.3608516, z: 1.360852}
  m_Children: []
  m_Father: {fileID: 8707058013687972377}
  m_RootOrder: 10
  m_LocalEulerAnglesHint: {x: -34.723003, y: -68.239006, z: 42.577003}
--- !u!33 &1737166622834072018
MeshFilter:
  m_ObjectHideFlags: 0
  m_CorrespondingSourceObject: {fileID: 0}
  m_PrefabInstance: {fileID: 0}
  m_PrefabAsset: {fileID: 0}
  m_GameObject: {fileID: 5064740388082897908}
  m_Mesh: {fileID: 4300000, guid: 78ffc1ed5f72076498d0614872cf48ec, type: 3}
--- !u!23 &5881156705428112141
MeshRenderer:
  m_ObjectHideFlags: 0
  m_CorrespondingSourceObject: {fileID: 0}
  m_PrefabInstance: {fileID: 0}
  m_PrefabAsset: {fileID: 0}
  m_GameObject: {fileID: 5064740388082897908}
  m_Enabled: 1
  m_CastShadows: 1
  m_ReceiveShadows: 1
  m_DynamicOccludee: 1
  m_MotionVectors: 1
  m_LightProbeUsage: 1
  m_ReflectionProbeUsage: 1
  m_RayTracingMode: 2
  m_RenderingLayerMask: 1
  m_RendererPriority: 0
  m_Materials:
  - {fileID: 2100000, guid: a50e1b06babb4e64b861e9e6bc5a33ad, type: 2}
  m_StaticBatchInfo:
    firstSubMesh: 0
    subMeshCount: 0
  m_StaticBatchRoot: {fileID: 0}
  m_ProbeAnchor: {fileID: 0}
  m_LightProbeVolumeOverride: {fileID: 0}
  m_ScaleInLightmap: 1
  m_ReceiveGI: 1
  m_PreserveUVs: 0
  m_IgnoreNormalsForChartDetection: 0
  m_ImportantGI: 0
  m_StitchLightmapSeams: 1
  m_SelectedEditorRenderState: 3
  m_MinimumChartSize: 4
  m_AutoUVMaxDistance: 0.5
  m_AutoUVMaxAngle: 89
  m_LightmapParameters: {fileID: 0}
  m_SortingLayerID: 0
  m_SortingLayer: 0
  m_SortingOrder: 0
--- !u!1 &7067050660604432059
GameObject:
  m_ObjectHideFlags: 0
  m_CorrespondingSourceObject: {fileID: 0}
  m_PrefabInstance: {fileID: 0}
  m_PrefabAsset: {fileID: 0}
  serializedVersion: 6
  m_Component:
  - component: {fileID: 3043782431143996127}
  - component: {fileID: 7973666456211606941}
  - component: {fileID: 33170901487985985}
  m_Layer: 8
  m_Name: BetterCrystal01 (10)
  m_TagString: Untagged
  m_Icon: {fileID: 0}
  m_NavMeshLayer: 0
  m_StaticEditorFlags: 0
  m_IsActive: 1
--- !u!4 &3043782431143996127
Transform:
  m_ObjectHideFlags: 0
  m_CorrespondingSourceObject: {fileID: 0}
  m_PrefabInstance: {fileID: 0}
  m_PrefabAsset: {fileID: 0}
  m_GameObject: {fileID: 7067050660604432059}
  m_LocalRotation: {x: 0.33617607, y: 0.5987387, z: 0.14409359, w: -0.7125551}
  m_LocalPosition: {x: -6.09, y: -3.4, z: -4.88}
  m_LocalScale: {x: 1.3608525, y: 1.360852, z: 1.3608527}
  m_Children: []
  m_Father: {fileID: 8707058013687972377}
  m_RootOrder: 11
  m_LocalEulerAnglesHint: {x: -40.665, y: -445.691, z: 15.070001}
--- !u!33 &7973666456211606941
MeshFilter:
  m_ObjectHideFlags: 0
  m_CorrespondingSourceObject: {fileID: 0}
  m_PrefabInstance: {fileID: 0}
  m_PrefabAsset: {fileID: 0}
  m_GameObject: {fileID: 7067050660604432059}
  m_Mesh: {fileID: 4300000, guid: 78ffc1ed5f72076498d0614872cf48ec, type: 3}
--- !u!23 &33170901487985985
MeshRenderer:
  m_ObjectHideFlags: 0
  m_CorrespondingSourceObject: {fileID: 0}
  m_PrefabInstance: {fileID: 0}
  m_PrefabAsset: {fileID: 0}
  m_GameObject: {fileID: 7067050660604432059}
  m_Enabled: 1
  m_CastShadows: 1
  m_ReceiveShadows: 1
  m_DynamicOccludee: 1
  m_MotionVectors: 1
  m_LightProbeUsage: 1
  m_ReflectionProbeUsage: 1
  m_RayTracingMode: 2
  m_RenderingLayerMask: 1
  m_RendererPriority: 0
  m_Materials:
  - {fileID: 2100000, guid: a50e1b06babb4e64b861e9e6bc5a33ad, type: 2}
  m_StaticBatchInfo:
    firstSubMesh: 0
    subMeshCount: 0
  m_StaticBatchRoot: {fileID: 0}
  m_ProbeAnchor: {fileID: 0}
  m_LightProbeVolumeOverride: {fileID: 0}
  m_ScaleInLightmap: 1
  m_ReceiveGI: 1
  m_PreserveUVs: 0
  m_IgnoreNormalsForChartDetection: 0
  m_ImportantGI: 0
  m_StitchLightmapSeams: 1
  m_SelectedEditorRenderState: 3
  m_MinimumChartSize: 4
  m_AutoUVMaxDistance: 0.5
  m_AutoUVMaxAngle: 89
  m_LightmapParameters: {fileID: 0}
  m_SortingLayerID: 0
  m_SortingLayer: 0
  m_SortingOrder: 0
--- !u!1 &8076018310603799582
GameObject:
  m_ObjectHideFlags: 0
  m_CorrespondingSourceObject: {fileID: 0}
  m_PrefabInstance: {fileID: 0}
  m_PrefabAsset: {fileID: 0}
  serializedVersion: 6
  m_Component:
  - component: {fileID: 8443174917773088113}
  - component: {fileID: 8690053134291284041}
  - component: {fileID: 3529978765063502408}
  m_Layer: 8
  m_Name: BetterCrystal01 (8)
  m_TagString: Untagged
  m_Icon: {fileID: 0}
  m_NavMeshLayer: 0
  m_StaticEditorFlags: 0
  m_IsActive: 1
--- !u!4 &8443174917773088113
Transform:
  m_ObjectHideFlags: 0
  m_CorrespondingSourceObject: {fileID: 0}
  m_PrefabInstance: {fileID: 0}
  m_PrefabAsset: {fileID: 0}
  m_GameObject: {fileID: 8076018310603799582}
  m_LocalRotation: {x: -0.13251053, y: -0.9359959, z: -0.22480671, w: 0.23625149}
  m_LocalPosition: {x: -6.0629997, y: -2.852, z: -3.854001}
  m_LocalScale: {x: 1.9200037, y: 1.92, z: 1.9200037}
  m_Children: []
  m_Father: {fileID: 8707058013687972377}
  m_RootOrder: 9
  m_LocalEulerAnglesHint: {x: -28.911001, y: -154.07701, z: 9.325001}
--- !u!33 &8690053134291284041
MeshFilter:
  m_ObjectHideFlags: 0
  m_CorrespondingSourceObject: {fileID: 0}
  m_PrefabInstance: {fileID: 0}
  m_PrefabAsset: {fileID: 0}
  m_GameObject: {fileID: 8076018310603799582}
  m_Mesh: {fileID: 4300000, guid: 78ffc1ed5f72076498d0614872cf48ec, type: 3}
--- !u!23 &3529978765063502408
MeshRenderer:
  m_ObjectHideFlags: 0
  m_CorrespondingSourceObject: {fileID: 0}
  m_PrefabInstance: {fileID: 0}
  m_PrefabAsset: {fileID: 0}
  m_GameObject: {fileID: 8076018310603799582}
  m_Enabled: 1
  m_CastShadows: 1
  m_ReceiveShadows: 1
  m_DynamicOccludee: 1
  m_MotionVectors: 1
  m_LightProbeUsage: 1
  m_ReflectionProbeUsage: 1
  m_RayTracingMode: 2
  m_RenderingLayerMask: 1
  m_RendererPriority: 0
  m_Materials:
  - {fileID: 2100000, guid: a50e1b06babb4e64b861e9e6bc5a33ad, type: 2}
  m_StaticBatchInfo:
    firstSubMesh: 0
    subMeshCount: 0
  m_StaticBatchRoot: {fileID: 0}
  m_ProbeAnchor: {fileID: 0}
  m_LightProbeVolumeOverride: {fileID: 0}
  m_ScaleInLightmap: 1
  m_ReceiveGI: 1
  m_PreserveUVs: 0
  m_IgnoreNormalsForChartDetection: 0
  m_ImportantGI: 0
  m_StitchLightmapSeams: 1
  m_SelectedEditorRenderState: 3
  m_MinimumChartSize: 4
  m_AutoUVMaxDistance: 0.5
  m_AutoUVMaxAngle: 89
  m_LightmapParameters: {fileID: 0}
  m_SortingLayerID: 0
  m_SortingLayer: 0
  m_SortingOrder: 0
--- !u!1 &8411270551214454416
GameObject:
  m_ObjectHideFlags: 0
  m_CorrespondingSourceObject: {fileID: 0}
  m_PrefabInstance: {fileID: 0}
  m_PrefabAsset: {fileID: 0}
  serializedVersion: 6
  m_Component:
  - component: {fileID: 8411270551214025392}
  - component: {fileID: 8411270551215319698}
  - component: {fileID: 8411270551216449618}
  m_Layer: 0
  m_Name: Cart_1
  m_TagString: Untagged
  m_Icon: {fileID: 0}
  m_NavMeshLayer: 0
  m_StaticEditorFlags: 0
  m_IsActive: 1
--- !u!4 &8411270551214025392
Transform:
  m_ObjectHideFlags: 0
  m_CorrespondingSourceObject: {fileID: 0}
  m_PrefabInstance: {fileID: 0}
  m_PrefabAsset: {fileID: 0}
  m_GameObject: {fileID: 8411270551214454416}
  m_LocalRotation: {x: 0, y: -0, z: -0, w: 1}
  m_LocalPosition: {x: 0.00000011920929, y: -0.00000023841858, z: 0}
  m_LocalScale: {x: 1, y: 1, z: 1}
  m_Children: []
  m_Father: {fileID: 8411270551214025394}
  m_RootOrder: 0
  m_LocalEulerAnglesHint: {x: 0, y: 0, z: 0}
--- !u!33 &8411270551215319698
MeshFilter:
  m_ObjectHideFlags: 0
  m_CorrespondingSourceObject: {fileID: 0}
  m_PrefabInstance: {fileID: 0}
  m_PrefabAsset: {fileID: 0}
  m_GameObject: {fileID: 8411270551214454416}
  m_Mesh: {fileID: 4300000, guid: fffb86171f313ff47a56616553063009, type: 3}
--- !u!23 &8411270551216449618
MeshRenderer:
  m_ObjectHideFlags: 0
  m_CorrespondingSourceObject: {fileID: 0}
  m_PrefabInstance: {fileID: 0}
  m_PrefabAsset: {fileID: 0}
  m_GameObject: {fileID: 8411270551214454416}
  m_Enabled: 1
  m_CastShadows: 1
  m_ReceiveShadows: 1
  m_DynamicOccludee: 1
  m_MotionVectors: 1
  m_LightProbeUsage: 1
  m_ReflectionProbeUsage: 1
  m_RayTracingMode: 2
  m_RenderingLayerMask: 1
  m_RendererPriority: 0
  m_Materials:
  - {fileID: 2100000, guid: 30aa5b018cc9fe6478e2ddff433d0005, type: 2}
  m_StaticBatchInfo:
    firstSubMesh: 0
    subMeshCount: 0
  m_StaticBatchRoot: {fileID: 0}
  m_ProbeAnchor: {fileID: 0}
  m_LightProbeVolumeOverride: {fileID: 0}
  m_ScaleInLightmap: 1
  m_ReceiveGI: 1
  m_PreserveUVs: 0
  m_IgnoreNormalsForChartDetection: 0
  m_ImportantGI: 0
  m_StitchLightmapSeams: 1
  m_SelectedEditorRenderState: 3
  m_MinimumChartSize: 4
  m_AutoUVMaxDistance: 0.5
  m_AutoUVMaxAngle: 89
  m_LightmapParameters: {fileID: 0}
  m_SortingLayerID: 0
  m_SortingLayer: 0
  m_SortingOrder: 0
--- !u!1 &8411270551214454418
GameObject:
  m_ObjectHideFlags: 0
  m_CorrespondingSourceObject: {fileID: 0}
  m_PrefabInstance: {fileID: 0}
  m_PrefabAsset: {fileID: 0}
  serializedVersion: 6
  m_Component:
  - component: {fileID: 8411270551214025394}
  m_Layer: 0
  m_Name: Cart (3)
  m_TagString: Untagged
  m_Icon: {fileID: 0}
  m_NavMeshLayer: 0
  m_StaticEditorFlags: 0
  m_IsActive: 1
--- !u!4 &8411270551214025394
Transform:
  m_ObjectHideFlags: 0
  m_CorrespondingSourceObject: {fileID: 0}
  m_PrefabInstance: {fileID: 0}
  m_PrefabAsset: {fileID: 0}
  m_GameObject: {fileID: 8411270551214454418}
  m_LocalRotation: {x: -0, y: -0, z: -0, w: 1}
  m_LocalPosition: {x: -1, y: 0, z: -36.05}
  m_LocalScale: {x: 1, y: 1, z: 1}
  m_Children:
  - {fileID: 8411270551214025392}
  - {fileID: 8411270551214025398}
  - {fileID: 8707058013687972377}
  - {fileID: 7754671543307721316}
  m_Father: {fileID: 0}
  m_RootOrder: 0
  m_LocalEulerAnglesHint: {x: 0, y: 0, z: 0}
--- !u!1 &8411270551214454422
GameObject:
  m_ObjectHideFlags: 0
  m_CorrespondingSourceObject: {fileID: 0}
  m_PrefabInstance: {fileID: 0}
  m_PrefabAsset: {fileID: 0}
  serializedVersion: 6
  m_Component:
  - component: {fileID: 8411270551214025398}
  - component: {fileID: 8411270551215319696}
  - component: {fileID: 8411270551216449616}
  - component: {fileID: 8411270550891964595}
  m_Layer: 0
  m_Name: CartWheels_1
  m_TagString: Untagged
  m_Icon: {fileID: 0}
  m_NavMeshLayer: 0
  m_StaticEditorFlags: 0
  m_IsActive: 1
--- !u!4 &8411270551214025398
Transform:
  m_ObjectHideFlags: 0
  m_CorrespondingSourceObject: {fileID: 0}
  m_PrefabInstance: {fileID: 0}
  m_PrefabAsset: {fileID: 0}
  m_GameObject: {fileID: 8411270551214454422}
  m_LocalRotation: {x: 0, y: -0, z: -0, w: 1}
  m_LocalPosition: {x: -0.00000023841858, y: 0, z: 0}
  m_LocalScale: {x: 1, y: 1, z: 1}
  m_Children: []
  m_Father: {fileID: 8411270551214025394}
  m_RootOrder: 1
  m_LocalEulerAnglesHint: {x: 0, y: 0, z: 0}
--- !u!33 &8411270551215319696
MeshFilter:
  m_ObjectHideFlags: 0
  m_CorrespondingSourceObject: {fileID: 0}
  m_PrefabInstance: {fileID: 0}
  m_PrefabAsset: {fileID: 0}
  m_GameObject: {fileID: 8411270551214454422}
  m_Mesh: {fileID: 4300002, guid: fffb86171f313ff47a56616553063009, type: 3}
--- !u!23 &8411270551216449616
MeshRenderer:
  m_ObjectHideFlags: 0
  m_CorrespondingSourceObject: {fileID: 0}
  m_PrefabInstance: {fileID: 0}
  m_PrefabAsset: {fileID: 0}
  m_GameObject: {fileID: 8411270551214454422}
  m_Enabled: 1
  m_CastShadows: 1
  m_ReceiveShadows: 1
  m_DynamicOccludee: 1
  m_MotionVectors: 1
  m_LightProbeUsage: 1
  m_ReflectionProbeUsage: 1
  m_RayTracingMode: 2
  m_RenderingLayerMask: 1
  m_RendererPriority: 0
  m_Materials:
  - {fileID: 2100000, guid: 30aa5b018cc9fe6478e2ddff433d0005, type: 2}
  m_StaticBatchInfo:
    firstSubMesh: 0
    subMeshCount: 0
  m_StaticBatchRoot: {fileID: 0}
  m_ProbeAnchor: {fileID: 0}
  m_LightProbeVolumeOverride: {fileID: 0}
  m_ScaleInLightmap: 1
  m_ReceiveGI: 1
  m_PreserveUVs: 0
  m_IgnoreNormalsForChartDetection: 0
  m_ImportantGI: 0
  m_StitchLightmapSeams: 1
  m_SelectedEditorRenderState: 3
  m_MinimumChartSize: 4
  m_AutoUVMaxDistance: 0.5
  m_AutoUVMaxAngle: 89
  m_LightmapParameters: {fileID: 0}
  m_SortingLayerID: 0
  m_SortingLayer: 0
  m_SortingOrder: 0
--- !u!95 &8411270550891964595
Animator:
  serializedVersion: 3
  m_ObjectHideFlags: 0
  m_CorrespondingSourceObject: {fileID: 0}
  m_PrefabInstance: {fileID: 0}
  m_PrefabAsset: {fileID: 0}
  m_GameObject: {fileID: 8411270551214454422}
  m_Enabled: 1
  m_Avatar: {fileID: 0}
  m_Controller: {fileID: 9100000, guid: 09dadf7e5a18a6d41862eb6c31a0f8e2, type: 2}
  m_CullingMode: 0
  m_UpdateMode: 0
  m_ApplyRootMotion: 0
  m_LinearVelocityBlending: 0
  m_WarningMessage: 
  m_HasTransformHierarchy: 1
  m_AllowConstantClipSamplingOptimization: 1
  m_KeepAnimatorControllerStateOnDisable: 0
--- !u!1 &8624026228693861732
GameObject:
  m_ObjectHideFlags: 0
  m_CorrespondingSourceObject: {fileID: 0}
  m_PrefabInstance: {fileID: 0}
  m_PrefabAsset: {fileID: 0}
  serializedVersion: 6
  m_Component:
  - component: {fileID: 1760459610841378513}
  - component: {fileID: 6026556485303293444}
  - component: {fileID: 1627095747760981779}
  m_Layer: 8
  m_Name: BetterCrystal01 (11)
  m_TagString: Untagged
  m_Icon: {fileID: 0}
  m_NavMeshLayer: 0
  m_StaticEditorFlags: 0
  m_IsActive: 1
--- !u!4 &1760459610841378513
Transform:
  m_ObjectHideFlags: 0
  m_CorrespondingSourceObject: {fileID: 0}
  m_PrefabInstance: {fileID: 0}
  m_PrefabAsset: {fileID: 0}
  m_GameObject: {fileID: 8624026228693861732}
  m_LocalRotation: {x: -0.122440115, y: 0.8109046, z: 0.36723095, w: 0.4388435}
  m_LocalPosition: {x: -7.2599998, y: -3.3999999, z: -4.4709997}
  m_LocalScale: {x: 1.7418921, y: 1.7418902, z: 1.7418909}
  m_Children: []
  m_Father: {fileID: 8707058013687972377}
  m_RootOrder: 12
  m_LocalEulerAnglesHint: {x: -44.672, y: -600.968, z: 10.02}
--- !u!33 &6026556485303293444
MeshFilter:
  m_ObjectHideFlags: 0
  m_CorrespondingSourceObject: {fileID: 0}
  m_PrefabInstance: {fileID: 0}
  m_PrefabAsset: {fileID: 0}
  m_GameObject: {fileID: 8624026228693861732}
  m_Mesh: {fileID: 4300000, guid: 78ffc1ed5f72076498d0614872cf48ec, type: 3}
--- !u!23 &1627095747760981779
MeshRenderer:
  m_ObjectHideFlags: 0
  m_CorrespondingSourceObject: {fileID: 0}
  m_PrefabInstance: {fileID: 0}
  m_PrefabAsset: {fileID: 0}
  m_GameObject: {fileID: 8624026228693861732}
  m_Enabled: 1
  m_CastShadows: 1
  m_ReceiveShadows: 1
  m_DynamicOccludee: 1
  m_MotionVectors: 1
  m_LightProbeUsage: 1
  m_ReflectionProbeUsage: 1
  m_RayTracingMode: 2
  m_RenderingLayerMask: 1
  m_RendererPriority: 0
  m_Materials:
  - {fileID: 2100000, guid: a50e1b06babb4e64b861e9e6bc5a33ad, type: 2}
  m_StaticBatchInfo:
    firstSubMesh: 0
    subMeshCount: 0
  m_StaticBatchRoot: {fileID: 0}
  m_ProbeAnchor: {fileID: 0}
  m_LightProbeVolumeOverride: {fileID: 0}
  m_ScaleInLightmap: 1
  m_ReceiveGI: 1
  m_PreserveUVs: 0
  m_IgnoreNormalsForChartDetection: 0
  m_ImportantGI: 0
  m_StitchLightmapSeams: 1
  m_SelectedEditorRenderState: 3
  m_MinimumChartSize: 4
  m_AutoUVMaxDistance: 0.5
  m_AutoUVMaxAngle: 89
  m_LightmapParameters: {fileID: 0}
  m_SortingLayerID: 0
  m_SortingLayer: 0
  m_SortingOrder: 0
--- !u!1 &8807354845838286756
GameObject:
  m_ObjectHideFlags: 0
  m_CorrespondingSourceObject: {fileID: 0}
  m_PrefabInstance: {fileID: 0}
  m_PrefabAsset: {fileID: 0}
  serializedVersion: 6
  m_Component:
  - component: {fileID: 1689099277992656954}
  - component: {fileID: 4439325210206728810}
  - component: {fileID: 340219726561639028}
  m_Layer: 8
  m_Name: BetterCrystal01 (12)
  m_TagString: Untagged
  m_Icon: {fileID: 0}
  m_NavMeshLayer: 0
  m_StaticEditorFlags: 0
  m_IsActive: 1
--- !u!4 &1689099277992656954
Transform:
  m_ObjectHideFlags: 0
  m_CorrespondingSourceObject: {fileID: 0}
  m_PrefabInstance: {fileID: 0}
  m_PrefabAsset: {fileID: 0}
  m_GameObject: {fileID: 8807354845838286756}
  m_LocalRotation: {x: -0.2695339, y: 0.62709546, z: -0.05293723, w: 0.72890365}
  m_LocalPosition: {x: -7.229, y: -3.0700002, z: -5.554001}
  m_LocalScale: {x: 1.3090773, y: 1.3090767, z: 1.3090769}
  m_Children: []
  m_Father: {fileID: 8707058013687972377}
  m_RootOrder: 13
  m_LocalEulerAnglesHint: {x: -19.059, y: -634.138, z: -26.059002}
--- !u!33 &4439325210206728810
MeshFilter:
  m_ObjectHideFlags: 0
  m_CorrespondingSourceObject: {fileID: 0}
  m_PrefabInstance: {fileID: 0}
  m_PrefabAsset: {fileID: 0}
  m_GameObject: {fileID: 8807354845838286756}
  m_Mesh: {fileID: 4300000, guid: 78ffc1ed5f72076498d0614872cf48ec, type: 3}
--- !u!23 &340219726561639028
MeshRenderer:
  m_ObjectHideFlags: 0
  m_CorrespondingSourceObject: {fileID: 0}
  m_PrefabInstance: {fileID: 0}
  m_PrefabAsset: {fileID: 0}
  m_GameObject: {fileID: 8807354845838286756}
  m_Enabled: 1
  m_CastShadows: 1
  m_ReceiveShadows: 1
  m_DynamicOccludee: 1
  m_MotionVectors: 1
  m_LightProbeUsage: 1
  m_ReflectionProbeUsage: 1
  m_RayTracingMode: 2
  m_RenderingLayerMask: 1
  m_RendererPriority: 0
  m_Materials:
  - {fileID: 2100000, guid: a50e1b06babb4e64b861e9e6bc5a33ad, type: 2}
  m_StaticBatchInfo:
    firstSubMesh: 0
    subMeshCount: 0
  m_StaticBatchRoot: {fileID: 0}
  m_ProbeAnchor: {fileID: 0}
  m_LightProbeVolumeOverride: {fileID: 0}
  m_ScaleInLightmap: 1
  m_ReceiveGI: 1
  m_PreserveUVs: 0
  m_IgnoreNormalsForChartDetection: 0
  m_ImportantGI: 0
  m_StitchLightmapSeams: 1
  m_SelectedEditorRenderState: 3
  m_MinimumChartSize: 4
  m_AutoUVMaxDistance: 0.5
  m_AutoUVMaxAngle: 89
  m_LightmapParameters: {fileID: 0}
  m_SortingLayerID: 0
  m_SortingLayer: 0
  m_SortingOrder: 0
--- !u!1001 &1191849079600633210
PrefabInstance:
  m_ObjectHideFlags: 0
  serializedVersion: 2
  m_Modification:
    m_TransformParent: {fileID: 8411270551214025394}
    m_Modifications:
    - target: {fileID: -502750996891595543, guid: 5f1fb8ec80c46b84e99572b3ef362570,
        type: 3}
      propertyPath: started
      value: 0
      objectReference: {fileID: 0}
    - target: {fileID: 8868833149226258206, guid: 5f1fb8ec80c46b84e99572b3ef362570,
        type: 3}
      propertyPath: m_LocalPosition.x
      value: 0.64772
      objectReference: {fileID: 0}
    - target: {fileID: 8868833149226258206, guid: 5f1fb8ec80c46b84e99572b3ef362570,
        type: 3}
      propertyPath: m_LocalPosition.y
      value: 2.59
      objectReference: {fileID: 0}
    - target: {fileID: 8868833149226258206, guid: 5f1fb8ec80c46b84e99572b3ef362570,
        type: 3}
      propertyPath: m_LocalPosition.z
      value: 11.51
      objectReference: {fileID: 0}
    - target: {fileID: 8868833149226258206, guid: 5f1fb8ec80c46b84e99572b3ef362570,
        type: 3}
      propertyPath: m_LocalRotation.x
      value: -0
      objectReference: {fileID: 0}
    - target: {fileID: 8868833149226258206, guid: 5f1fb8ec80c46b84e99572b3ef362570,
        type: 3}
      propertyPath: m_LocalRotation.y
      value: -0
      objectReference: {fileID: 0}
    - target: {fileID: 8868833149226258206, guid: 5f1fb8ec80c46b84e99572b3ef362570,
        type: 3}
      propertyPath: m_LocalRotation.z
      value: -0
      objectReference: {fileID: 0}
    - target: {fileID: 8868833149226258206, guid: 5f1fb8ec80c46b84e99572b3ef362570,
        type: 3}
      propertyPath: m_LocalRotation.w
      value: 1
      objectReference: {fileID: 0}
    - target: {fileID: 8868833149226258206, guid: 5f1fb8ec80c46b84e99572b3ef362570,
        type: 3}
      propertyPath: m_RootOrder
      value: 3
      objectReference: {fileID: 0}
    - target: {fileID: 8868833149226258206, guid: 5f1fb8ec80c46b84e99572b3ef362570,
        type: 3}
      propertyPath: m_LocalEulerAnglesHint.x
      value: 0
      objectReference: {fileID: 0}
    - target: {fileID: 8868833149226258206, guid: 5f1fb8ec80c46b84e99572b3ef362570,
        type: 3}
      propertyPath: m_LocalEulerAnglesHint.y
      value: 0
      objectReference: {fileID: 0}
    - target: {fileID: 8868833149226258206, guid: 5f1fb8ec80c46b84e99572b3ef362570,
        type: 3}
      propertyPath: m_LocalEulerAnglesHint.z
      value: 0
      objectReference: {fileID: 0}
    - target: {fileID: 8868833149226258206, guid: 5f1fb8ec80c46b84e99572b3ef362570,
        type: 3}
      propertyPath: m_LocalScale.x
      value: 2.567
      objectReference: {fileID: 0}
    - target: {fileID: 8868833149226258206, guid: 5f1fb8ec80c46b84e99572b3ef362570,
        type: 3}
      propertyPath: m_LocalScale.y
      value: 2.567
      objectReference: {fileID: 0}
    - target: {fileID: 8868833149226258206, guid: 5f1fb8ec80c46b84e99572b3ef362570,
        type: 3}
      propertyPath: m_LocalScale.z
      value: 2.567
      objectReference: {fileID: 0}
    - target: {fileID: 8868833149226258207, guid: 5f1fb8ec80c46b84e99572b3ef362570,
        type: 3}
      propertyPath: m_Name
      value: Elf
      objectReference: {fileID: 0}
    m_RemovedComponents: []
  m_SourcePrefab: {fileID: 100100000, guid: 5f1fb8ec80c46b84e99572b3ef362570, type: 3}
--- !u!4 &7754671543307721316 stripped
Transform:
  m_CorrespondingSourceObject: {fileID: 8868833149226258206, guid: 5f1fb8ec80c46b84e99572b3ef362570,
    type: 3}
  m_PrefabInstance: {fileID: 1191849079600633210}
  m_PrefabAsset: {fileID: 0}
--- !u!1001 &8708425548421145921
PrefabInstance:
  m_ObjectHideFlags: 0
  serializedVersion: 2
  m_Modification:
    m_TransformParent: {fileID: 8411270551214025394}
    m_Modifications:
    - target: {fileID: 1330914991540278, guid: f035235bfe0fb5d48b6f85818f4f000e, type: 3}
      propertyPath: m_IsActive
      value: 0
      objectReference: {fileID: 0}
    - target: {fileID: 1829549426458922, guid: f035235bfe0fb5d48b6f85818f4f000e, type: 3}
      propertyPath: m_Name
      value: Crystalsv02
      objectReference: {fileID: 0}
    - target: {fileID: 4181172465628010, guid: f035235bfe0fb5d48b6f85818f4f000e, type: 3}
      propertyPath: m_LocalPosition.x
      value: -6.1000004
      objectReference: {fileID: 0}
    - target: {fileID: 4181172465628010, guid: f035235bfe0fb5d48b6f85818f4f000e, type: 3}
      propertyPath: m_LocalPosition.y
      value: -3.8890002
      objectReference: {fileID: 0}
    - target: {fileID: 4181172465628010, guid: f035235bfe0fb5d48b6f85818f4f000e, type: 3}
      propertyPath: m_LocalPosition.z
      value: -8.057001
      objectReference: {fileID: 0}
    - target: {fileID: 4263648629565272, guid: f035235bfe0fb5d48b6f85818f4f000e, type: 3}
      propertyPath: m_LocalPosition.x
      value: 5.87358
      objectReference: {fileID: 0}
    - target: {fileID: 4263648629565272, guid: f035235bfe0fb5d48b6f85818f4f000e, type: 3}
      propertyPath: m_LocalPosition.y
      value: 5.724191
      objectReference: {fileID: 0}
    - target: {fileID: 4263648629565272, guid: f035235bfe0fb5d48b6f85818f4f000e, type: 3}
      propertyPath: m_LocalPosition.z
      value: 7.7875595
      objectReference: {fileID: 0}
    - target: {fileID: 4263648629565272, guid: f035235bfe0fb5d48b6f85818f4f000e, type: 3}
      propertyPath: m_LocalRotation.x
      value: -0
      objectReference: {fileID: 0}
    - target: {fileID: 4263648629565272, guid: f035235bfe0fb5d48b6f85818f4f000e, type: 3}
      propertyPath: m_LocalRotation.y
      value: -0
      objectReference: {fileID: 0}
    - target: {fileID: 4263648629565272, guid: f035235bfe0fb5d48b6f85818f4f000e, type: 3}
      propertyPath: m_LocalRotation.z
      value: -0
      objectReference: {fileID: 0}
    - target: {fileID: 4263648629565272, guid: f035235bfe0fb5d48b6f85818f4f000e, type: 3}
      propertyPath: m_LocalRotation.w
      value: 1
      objectReference: {fileID: 0}
    - target: {fileID: 4263648629565272, guid: f035235bfe0fb5d48b6f85818f4f000e, type: 3}
      propertyPath: m_RootOrder
      value: 2
      objectReference: {fileID: 0}
    - target: {fileID: 4263648629565272, guid: f035235bfe0fb5d48b6f85818f4f000e, type: 3}
      propertyPath: m_LocalEulerAnglesHint.x
      value: 0
      objectReference: {fileID: 0}
    - target: {fileID: 4263648629565272, guid: f035235bfe0fb5d48b6f85818f4f000e, type: 3}
      propertyPath: m_LocalEulerAnglesHint.y
      value: 0
      objectReference: {fileID: 0}
    - target: {fileID: 4263648629565272, guid: f035235bfe0fb5d48b6f85818f4f000e, type: 3}
      propertyPath: m_LocalEulerAnglesHint.z
      value: 0
      objectReference: {fileID: 0}
    - target: {fileID: 4328646855721782, guid: f035235bfe0fb5d48b6f85818f4f000e, type: 3}
      propertyPath: m_LocalPosition.x
      value: -6.6390004
      objectReference: {fileID: 0}
    - target: {fileID: 4328646855721782, guid: f035235bfe0fb5d48b6f85818f4f000e, type: 3}
      propertyPath: m_LocalPosition.y
      value: -3.2800002
      objectReference: {fileID: 0}
    - target: {fileID: 4328646855721782, guid: f035235bfe0fb5d48b6f85818f4f000e, type: 3}
      propertyPath: m_LocalPosition.z
      value: -9.693001
      objectReference: {fileID: 0}
    - target: {fileID: 4381367323826384, guid: f035235bfe0fb5d48b6f85818f4f000e, type: 3}
      propertyPath: m_LocalPosition.x
      value: -5.473
      objectReference: {fileID: 0}
    - target: {fileID: 4381367323826384, guid: f035235bfe0fb5d48b6f85818f4f000e, type: 3}
      propertyPath: m_LocalPosition.y
      value: -3.062
      objectReference: {fileID: 0}
    - target: {fileID: 4381367323826384, guid: f035235bfe0fb5d48b6f85818f4f000e, type: 3}
      propertyPath: m_LocalPosition.z
      value: -7.993001
      objectReference: {fileID: 0}
    - target: {fileID: 4584540841552482, guid: f035235bfe0fb5d48b6f85818f4f000e, type: 3}
      propertyPath: m_LocalPosition.x
      value: -6.67
      objectReference: {fileID: 0}
    - target: {fileID: 4584540841552482, guid: f035235bfe0fb5d48b6f85818f4f000e, type: 3}
      propertyPath: m_LocalPosition.y
      value: -3.61
      objectReference: {fileID: 0}
    - target: {fileID: 4584540841552482, guid: f035235bfe0fb5d48b6f85818f4f000e, type: 3}
      propertyPath: m_LocalPosition.z
      value: -8.61
      objectReference: {fileID: 0}
    - target: {fileID: 4627460297952168, guid: f035235bfe0fb5d48b6f85818f4f000e, type: 3}
      propertyPath: m_LocalPosition.x
      value: -6.0090003
      objectReference: {fileID: 0}
    - target: {fileID: 4627460297952168, guid: f035235bfe0fb5d48b6f85818f4f000e, type: 3}
      propertyPath: m_LocalPosition.y
      value: -3.6100001
      objectReference: {fileID: 0}
    - target: {fileID: 4627460297952168, guid: f035235bfe0fb5d48b6f85818f4f000e, type: 3}
      propertyPath: m_LocalPosition.z
      value: -9.4800005
      objectReference: {fileID: 0}
    - target: {fileID: 4758497610792668, guid: f035235bfe0fb5d48b6f85818f4f000e, type: 3}
      propertyPath: m_LocalPosition.x
      value: -5.5000005
      objectReference: {fileID: 0}
    - target: {fileID: 4758497610792668, guid: f035235bfe0fb5d48b6f85818f4f000e, type: 3}
      propertyPath: m_LocalPosition.y
      value: -3.6100001
      objectReference: {fileID: 0}
    - target: {fileID: 4758497610792668, guid: f035235bfe0fb5d48b6f85818f4f000e, type: 3}
      propertyPath: m_LocalPosition.z
      value: -9.019001
      objectReference: {fileID: 0}
    - target: {fileID: 4837818872469120, guid: f035235bfe0fb5d48b6f85818f4f000e, type: 3}
      propertyPath: m_LocalPosition.x
      value: -6.0030003
      objectReference: {fileID: 0}
    - target: {fileID: 4837818872469120, guid: f035235bfe0fb5d48b6f85818f4f000e, type: 3}
      propertyPath: m_LocalPosition.y
      value: -2.06
      objectReference: {fileID: 0}
    - target: {fileID: 4837818872469120, guid: f035235bfe0fb5d48b6f85818f4f000e, type: 3}
      propertyPath: m_LocalPosition.z
      value: -9.193001
      objectReference: {fileID: 0}
    - target: {fileID: 23031998843236376, guid: f035235bfe0fb5d48b6f85818f4f000e,
        type: 3}
      propertyPath: m_Materials.Array.data[0]
      value: 
      objectReference: {fileID: 2100000, guid: a50e1b06babb4e64b861e9e6bc5a33ad, type: 2}
    - target: {fileID: 23363915457772294, guid: f035235bfe0fb5d48b6f85818f4f000e,
        type: 3}
      propertyPath: m_Materials.Array.data[0]
      value: 
      objectReference: {fileID: 2100000, guid: a50e1b06babb4e64b861e9e6bc5a33ad, type: 2}
    - target: {fileID: 23375946060783478, guid: f035235bfe0fb5d48b6f85818f4f000e,
        type: 3}
      propertyPath: m_Materials.Array.data[0]
      value: 
      objectReference: {fileID: 2100000, guid: a50e1b06babb4e64b861e9e6bc5a33ad, type: 2}
    - target: {fileID: 23824650445609712, guid: f035235bfe0fb5d48b6f85818f4f000e,
        type: 3}
      propertyPath: m_Materials.Array.data[0]
      value: 
      objectReference: {fileID: 2100000, guid: a50e1b06babb4e64b861e9e6bc5a33ad, type: 2}
    - target: {fileID: 23879730741922112, guid: f035235bfe0fb5d48b6f85818f4f000e,
        type: 3}
      propertyPath: m_Materials.Array.data[0]
      value: 
      objectReference: {fileID: 2100000, guid: a50e1b06babb4e64b861e9e6bc5a33ad, type: 2}
    - target: {fileID: 23902437640226340, guid: f035235bfe0fb5d48b6f85818f4f000e,
        type: 3}
      propertyPath: m_Materials.Array.data[0]
      value: 
      objectReference: {fileID: 2100000, guid: a50e1b06babb4e64b861e9e6bc5a33ad, type: 2}
    - target: {fileID: 23946401870759080, guid: f035235bfe0fb5d48b6f85818f4f000e,
        type: 3}
      propertyPath: m_Materials.Array.data[0]
      value: 
      objectReference: {fileID: 2100000, guid: a50e1b06babb4e64b861e9e6bc5a33ad, type: 2}
    m_RemovedComponents: []
  m_SourcePrefab: {fileID: 100100000, guid: f035235bfe0fb5d48b6f85818f4f000e, type: 3}
--- !u!4 &8707058013687972377 stripped
Transform:
  m_CorrespondingSourceObject: {fileID: 4263648629565272, guid: f035235bfe0fb5d48b6f85818f4f000e,
    type: 3}
  m_PrefabInstance: {fileID: 8708425548421145921}
  m_PrefabAsset: {fileID: 0}
