%YAML 1.1
%TAG !u! tag:unity3d.com,2011:
--- !u!1 &5661631522874968126
GameObject:
  m_ObjectHideFlags: 0
  m_CorrespondingSourceObject: {fileID: 0}
  m_PrefabInstance: {fileID: 0}
  m_PrefabAsset: {fileID: 0}
  serializedVersion: 6
  m_Component:
  - component: {fileID: 5406538749003730137}
  m_Layer: 0
  m_Name: GameObject
  m_TagString: Untagged
  m_Icon: {fileID: 0}
  m_NavMeshLayer: 0
  m_StaticEditorFlags: 0
  m_IsActive: 1
--- !u!4 &5406538749003730137
Transform:
  m_ObjectHideFlags: 0
  m_CorrespondingSourceObject: {fileID: 0}
  m_PrefabInstance: {fileID: 0}
  m_PrefabAsset: {fileID: 0}
  m_GameObject: {fileID: 5661631522874968126}
  m_LocalRotation: {x: 0, y: 0.7071068, z: 0, w: 0.7071068}
  m_LocalPosition: {x: 0, y: -1.03, z: 0}
  m_LocalScale: {x: 1, y: 1, z: 1}
  m_Children:
  - {fileID: 2873060321402153915}
  - {fileID: 7548087304120693300}
  m_Father: {fileID: 5832859593187238589}
  m_RootOrder: 0
  m_LocalEulerAnglesHint: {x: 0, y: 90, z: 0}
--- !u!1 &5832859593187238586
GameObject:
  m_ObjectHideFlags: 0
  m_CorrespondingSourceObject: {fileID: 0}
  m_PrefabInstance: {fileID: 0}
  m_PrefabAsset: {fileID: 0}
  serializedVersion: 6
  m_Component:
  - component: {fileID: 5832859593187238589}
  - component: {fileID: 5832859593187238577}
  - component: {fileID: 4923733400318506412}
  - component: {fileID: 5832859593187238590}
  - component: {fileID: 5832859593187238591}
  - component: {fileID: 5832859593187238588}
  m_Layer: 0
  m_Name: Soldier
  m_TagString: Soldier
  m_Icon: {fileID: 0}
  m_NavMeshLayer: 0
  m_StaticEditorFlags: 0
  m_IsActive: 1
--- !u!4 &5832859593187238589
Transform:
  m_ObjectHideFlags: 0
  m_CorrespondingSourceObject: {fileID: 0}
  m_PrefabInstance: {fileID: 0}
  m_PrefabAsset: {fileID: 0}
  m_GameObject: {fileID: 5832859593187238586}
  m_LocalRotation: {x: 0, y: 0, z: 0, w: 1}
  m_LocalPosition: {x: 0, y: 0, z: 0}
  m_LocalScale: {x: 1, y: 1, z: 1}
  m_Children:
  - {fileID: 5406538749003730137}
  m_Father: {fileID: 0}
  m_RootOrder: 0
  m_LocalEulerAnglesHint: {x: 0, y: 0, z: 0}
--- !u!114 &5832859593187238577
MonoBehaviour:
  m_ObjectHideFlags: 0
  m_CorrespondingSourceObject: {fileID: 0}
  m_PrefabInstance: {fileID: 0}
  m_PrefabAsset: {fileID: 0}
  m_GameObject: {fileID: 5832859593187238586}
  m_Enabled: 1
  m_EditorHideFlags: 0
  m_Script: {fileID: 11500000, guid: 53e427e7d087db742a2e7eecf866cd6e, type: 3}
  m_Name: 
  m_EditorClassIdentifier: 
  autoStart: 0
  range: 0.3
  speed: 2
  changeRatio: 0.7
--- !u!114 &4923733400318506412
MonoBehaviour:
  m_ObjectHideFlags: 0
  m_CorrespondingSourceObject: {fileID: 0}
  m_PrefabInstance: {fileID: 0}
  m_PrefabAsset: {fileID: 0}
  m_GameObject: {fileID: 5832859593187238586}
  m_Enabled: 1
  m_EditorHideFlags: 0
  m_Script: {fileID: 11500000, guid: d49d1395057df1645b8e957bcb6de446, type: 3}
  m_Name: 
  m_EditorClassIdentifier: 
  models:
  - {fileID: 3212466828840382721}
  - {fileID: 7173075071048591502}
--- !u!33 &5832859593187238590
MeshFilter:
  m_ObjectHideFlags: 0
  m_CorrespondingSourceObject: {fileID: 0}
  m_PrefabInstance: {fileID: 0}
  m_PrefabAsset: {fileID: 0}
  m_GameObject: {fileID: 5832859593187238586}
  m_Mesh: {fileID: 10208, guid: 0000000000000000e000000000000000, type: 0}
--- !u!23 &5832859593187238591
MeshRenderer:
  m_ObjectHideFlags: 0
  m_CorrespondingSourceObject: {fileID: 0}
  m_PrefabInstance: {fileID: 0}
  m_PrefabAsset: {fileID: 0}
  m_GameObject: {fileID: 5832859593187238586}
  m_Enabled: 0
  m_CastShadows: 1
  m_ReceiveShadows: 1
  m_DynamicOccludee: 1
  m_MotionVectors: 1
  m_LightProbeUsage: 1
  m_ReflectionProbeUsage: 1
  m_RayTracingMode: 2
  m_RenderingLayerMask: 1
  m_RendererPriority: 0
  m_Materials:
  - {fileID: 10303, guid: 0000000000000000f000000000000000, type: 0}
  m_StaticBatchInfo:
    firstSubMesh: 0
    subMeshCount: 0
  m_StaticBatchRoot: {fileID: 0}
  m_ProbeAnchor: {fileID: 0}
  m_LightProbeVolumeOverride: {fileID: 0}
  m_ScaleInLightmap: 1
  m_ReceiveGI: 1
  m_PreserveUVs: 0
  m_IgnoreNormalsForChartDetection: 0
  m_ImportantGI: 0
  m_StitchLightmapSeams: 1
  m_SelectedEditorRenderState: 3
  m_MinimumChartSize: 4
  m_AutoUVMaxDistance: 0.5
  m_AutoUVMaxAngle: 89
  m_LightmapParameters: {fileID: 0}
  m_SortingLayerID: 0
  m_SortingLayer: 0
  m_SortingOrder: 0
--- !u!136 &5832859593187238588
CapsuleCollider:
  m_ObjectHideFlags: 0
  m_CorrespondingSourceObject: {fileID: 0}
  m_PrefabInstance: {fileID: 0}
  m_PrefabAsset: {fileID: 0}
  m_GameObject: {fileID: 5832859593187238586}
  m_Material: {fileID: 0}
  m_IsTrigger: 0
  m_Enabled: 1
  m_Radius: 0.5
  m_Height: 2
  m_Direction: 1
  m_Center: {x: 0, y: 0, z: 0}
--- !u!1001 &4041912100181622556
PrefabInstance:
  m_ObjectHideFlags: 0
  serializedVersion: 2
  m_Modification:
    m_TransformParent: {fileID: 5406538749003730137}
    m_Modifications:
    - target: {fileID: 5825389396606733608, guid: a29a4d8265cf8b447b470096b26e6a82,
        type: 3}
      propertyPath: m_LocalPosition.x
      value: 0
      objectReference: {fileID: 0}
    - target: {fileID: 5825389396606733608, guid: a29a4d8265cf8b447b470096b26e6a82,
        type: 3}
      propertyPath: m_LocalPosition.y
      value: 0
      objectReference: {fileID: 0}
    - target: {fileID: 5825389396606733608, guid: a29a4d8265cf8b447b470096b26e6a82,
        type: 3}
      propertyPath: m_LocalPosition.z
      value: 0
      objectReference: {fileID: 0}
    - target: {fileID: 5825389396606733608, guid: a29a4d8265cf8b447b470096b26e6a82,
        type: 3}
      propertyPath: m_LocalRotation.x
      value: 0
      objectReference: {fileID: 0}
    - target: {fileID: 5825389396606733608, guid: a29a4d8265cf8b447b470096b26e6a82,
        type: 3}
      propertyPath: m_LocalRotation.y
      value: 0
      objectReference: {fileID: 0}
    - target: {fileID: 5825389396606733608, guid: a29a4d8265cf8b447b470096b26e6a82,
        type: 3}
      propertyPath: m_LocalRotation.z
      value: 0
      objectReference: {fileID: 0}
    - target: {fileID: 5825389396606733608, guid: a29a4d8265cf8b447b470096b26e6a82,
        type: 3}
      propertyPath: m_LocalRotation.w
      value: 1
      objectReference: {fileID: 0}
    - target: {fileID: 5825389396606733608, guid: a29a4d8265cf8b447b470096b26e6a82,
        type: 3}
      propertyPath: m_RootOrder
      value: 1
      objectReference: {fileID: 0}
    - target: {fileID: 5825389396606733608, guid: a29a4d8265cf8b447b470096b26e6a82,
        type: 3}
      propertyPath: m_LocalEulerAnglesHint.x
      value: 0
      objectReference: {fileID: 0}
    - target: {fileID: 5825389396606733608, guid: a29a4d8265cf8b447b470096b26e6a82,
        type: 3}
      propertyPath: m_LocalEulerAnglesHint.y
      value: 0
      objectReference: {fileID: 0}
    - target: {fileID: 5825389396606733608, guid: a29a4d8265cf8b447b470096b26e6a82,
        type: 3}
      propertyPath: m_LocalEulerAnglesHint.z
      value: 0
      objectReference: {fileID: 0}
    - target: {fileID: 6601186776908437394, guid: a29a4d8265cf8b447b470096b26e6a82,
        type: 3}
      propertyPath: m_Name
      value: DwarfScoutMan
      objectReference: {fileID: 0}
    - target: {fileID: 6601186776908437394, guid: a29a4d8265cf8b447b470096b26e6a82,
        type: 3}
      propertyPath: m_IsActive
      value: 0
      objectReference: {fileID: 0}
    m_RemovedComponents: []
  m_SourcePrefab: {fileID: 100100000, guid: a29a4d8265cf8b447b470096b26e6a82, type: 3}
--- !u!1 &7173075071048591502 stripped
GameObject:
  m_CorrespondingSourceObject: {fileID: 6601186776908437394, guid: a29a4d8265cf8b447b470096b26e6a82,
    type: 3}
  m_PrefabInstance: {fileID: 4041912100181622556}
  m_PrefabAsset: {fileID: 0}
--- !u!4 &7548087304120693300 stripped
Transform:
  m_CorrespondingSourceObject: {fileID: 5825389396606733608, guid: a29a4d8265cf8b447b470096b26e6a82,
    type: 3}
  m_PrefabInstance: {fileID: 4041912100181622556}
  m_PrefabAsset: {fileID: 0}
--- !u!1001 &6084437590788277027
PrefabInstance:
  m_ObjectHideFlags: 0
  serializedVersion: 2
  m_Modification:
    m_TransformParent: {fileID: 5406538749003730137}
    m_Modifications:
    - target: {fileID: 8335998960280397976, guid: 4cdc81b6174fe094c9aae6153beb6ada,
        type: 3}
      propertyPath: m_LocalPosition.x
      value: 0
      objectReference: {fileID: 0}
    - target: {fileID: 8335998960280397976, guid: 4cdc81b6174fe094c9aae6153beb6ada,
        type: 3}
      propertyPath: m_LocalPosition.y
      value: 0
      objectReference: {fileID: 0}
    - target: {fileID: 8335998960280397976, guid: 4cdc81b6174fe094c9aae6153beb6ada,
        type: 3}
      propertyPath: m_LocalPosition.z
      value: 0
      objectReference: {fileID: 0}
    - target: {fileID: 8335998960280397976, guid: 4cdc81b6174fe094c9aae6153beb6ada,
        type: 3}
      propertyPath: m_LocalRotation.x
      value: 0
      objectReference: {fileID: 0}
    - target: {fileID: 8335998960280397976, guid: 4cdc81b6174fe094c9aae6153beb6ada,
        type: 3}
      propertyPath: m_LocalRotation.y
      value: 0
      objectReference: {fileID: 0}
    - target: {fileID: 8335998960280397976, guid: 4cdc81b6174fe094c9aae6153beb6ada,
        type: 3}
      propertyPath: m_LocalRotation.z
      value: 0
      objectReference: {fileID: 0}
    - target: {fileID: 8335998960280397976, guid: 4cdc81b6174fe094c9aae6153beb6ada,
        type: 3}
      propertyPath: m_LocalRotation.w
      value: 1
      objectReference: {fileID: 0}
    - target: {fileID: 8335998960280397976, guid: 4cdc81b6174fe094c9aae6153beb6ada,
        type: 3}
      propertyPath: m_RootOrder
      value: 0
      objectReference: {fileID: 0}
    - target: {fileID: 8335998960280397976, guid: 4cdc81b6174fe094c9aae6153beb6ada,
        type: 3}
      propertyPath: m_LocalEulerAnglesHint.x
      value: 0
      objectReference: {fileID: 0}
    - target: {fileID: 8335998960280397976, guid: 4cdc81b6174fe094c9aae6153beb6ada,
        type: 3}
      propertyPath: m_LocalEulerAnglesHint.y
      value: 0
      objectReference: {fileID: 0}
    - target: {fileID: 8335998960280397976, guid: 4cdc81b6174fe094c9aae6153beb6ada,
        type: 3}
      propertyPath: m_LocalEulerAnglesHint.z
      value: 0
      objectReference: {fileID: 0}
    - target: {fileID: 8711292431753654818, guid: 4cdc81b6174fe094c9aae6153beb6ada,
        type: 3}
      propertyPath: m_Name
      value: DwarfHammerMan (1)
      objectReference: {fileID: 0}
    - target: {fileID: 8711292431753654818, guid: 4cdc81b6174fe094c9aae6153beb6ada,
        type: 3}
      propertyPath: m_IsActive
      value: 1
      objectReference: {fileID: 0}
    m_RemovedComponents: []
  m_SourcePrefab: {fileID: 100100000, guid: 4cdc81b6174fe094c9aae6153beb6ada, type: 3}
--- !u!1 &3212466828840382721 stripped
GameObject:
  m_CorrespondingSourceObject: {fileID: 8711292431753654818, guid: 4cdc81b6174fe094c9aae6153beb6ada,
    type: 3}
  m_PrefabInstance: {fileID: 6084437590788277027}
  m_PrefabAsset: {fileID: 0}
--- !u!4 &2873060321402153915 stripped
Transform:
  m_CorrespondingSourceObject: {fileID: 8335998960280397976, guid: 4cdc81b6174fe094c9aae6153beb6ada,
    type: 3}
  m_PrefabInstance: {fileID: 6084437590788277027}
  m_PrefabAsset: {fileID: 0}
